2934 4900
222 264 293 346 ,γε
466 254 821 336 -10ausr-1s
871 241 1243 327 ‘uauaunrz

390 405 396 416 '
471 386 609 452 lxliiro
622 383 740 450 Osberti
752 381 787 446 ue
803 381 993 468 transtatione
1007 387 1039 450 S.
1056 383 1231 474 Badiurgae.
1328 401 1332 406 '

353 545 356 552 .
385 482 550 568 hubarga
564 479 645 548 bros
660 481 812 546 Edmuudi
829 484 904 564 regis
919 482 1011 566 patris
1025 483 1148 566 Ed'gari.
1369 531 1373 544 .

386 571 610 638 AEthelwoldus
624 566 779 652 episcopus
794 570 931 634 Wintou:
955 569 1095 636 tredecim
1115 569 1285 636 modorum
1305 591 1376 638 eor·

343 681 417 748 pora
430 661 469 724 de
482 657 667 744 ignobilibus
687 658 810 724 tumulis
826 655 964 720 extraxit.

387 743 611 814 AEthelwoldus
618 741 772 828 episcopus
779 749 814 806 W
821 745 913 808 imon:
924 741 1185 829 transtuliteorpus
1193 747 1375 812 &Radber-

343 855 390 922 gae
401 838 432 898 in
444 837 559 898 thecam
571 831 737 917 pretiosam.
756 831 861 896 Theca
872 831 934 896 haec
947 832 1044 914 pollea
1055 831 1173 900 iDanis
1182 831 1309 918 smliata
1318 835 1375 900 est.

389 923 516 986 AElfleda
530 922 672 985 abbatilla
684 917 850 984 monasterii
864 923 896 982 S.
910 921 1013 984 Mariae
1028 921 1142 989 thecam
1158 925 1188 988 S.
1201 925 1377 1010 Eadburgae

345 1030 420 1075 auro
434 1012 603 1094 &argento
614 1006 769 1070 revestivit.
840 1005 842 1012 ’

211 1111 217 1122 “
261 1153 269 1160 .
391 1089 555 1170 AEiuricus,
578 1118 646 1180 cog:
663 1096 840 1180 decrepitus,
864 1096 988 1158 icurvo
1003 1093 1106 1164 radius
1119 1090 1217 1160 satim
1233 1099 1377 1182 precibus

348 1191 380 1252 S.
396 1186 578 1270 Eadburgae,
617 1184 673 1247 Hic
685 1183 839 1248 AEluricus'
851 1179 952 1266 postea
960 1200 1052 1247 artem
1064 1183 1216 1250 medicam
1228 1186 1332 1253 didicit
1344 1189 1376 1254 δε

347 1275 480 1338 exacuit
489 1272 524 1338 in
538 1269 694 1335 monaster:
707 1273 739 1335 S·
755 1272 860 1334 Maria
876 1272 1052 1334 Winroniae.

344 1376 351 1386 ⁴
390 1362 476 1425 Vixit
489 1349 589 1423 autem
605 1360 754 1422 AEluricus
770 1356 913 1442 usquead
930 1373 1063 1444 tempora
1078 1357 1194 1444 Algivae
1214 1359 1374 1436 abbatilla-¹

348 1465 417 1534 quae
432 1449 471 1512 de
484 1447 612 1512 Colonia
625 1447 743 1510 civitate
765 1445 934 1510 Germaniae
954 1463 992 1508 ex
1011 1445 1155 1531 generoso
1168 1444 1313 1532 sanguine
1325 1469 1375 1510 na-

349 1540 473 1601 tivitatis
493 1537 585 1600 traxit
599 1535 757 1620 originem,
781 1535 817 1616 &¹
829 1534 859 1594 in
882 1553 960 1616 novo
981 1531 1258 1616 Sandiimonialium
1274 1555 1376 1598 mona·

348 1625 418 1689 ster:
431 1625 518 1712 quod
528 1623 705 1706 capitolium
716 1611 828 1686 dicitur
842 1623 893 1684 8²·
909 1619 1056 1704 religionis
1068 1621 1172 1687 didicit
1181 1622 1375 1711 houeilateuu

349 1717 401 1790 Ex
417 1725 489 1790 libro
503 1727 618 1790 Osbertr'
630 1726 666 1791 de
683 1726 874 1812 trarfiatione
886 1728 1044 1812 aliquorum
1058 1727 1148 1812 offlam
1164 1733 1198 1804 S„
1215 1727 1377 1818 Eadburgoe

483 1814 670 1893 dmmuster:
684 1819 716 1879 S.
729 1816 839 1878 Μανία
852 1815 894 1878 ad
905 1815 1069 1898 Persoreuse
1083 1822 1246 1882 cenobium.

262 1937 264 1940 ⁴
397 1926 507 1987 eomes
521 1923 688 1999 Alwardus,
714 1926 770 2008 qui
791 1921 959 2002 Perierenle
981 1925 1153 1994 caenobium
1175 1931 1206 2006 in
1231 1930 1378 1998 honorem

355 2015 387 2076 S.
403 2011 509 2075 Mariae
525 2010 699 2078 construxit.
733 2057 738 2064 -
1360 2016 1364 2026 '

776 2099 941 2165 Lelandus.

298 2261 303 2269 .
398 2178 560 2248 Altiardus
574 2207 634 2249 non
646 2202 710 2250 erat
725 2189 837 2270 primus
848 2187 990 2254 fundator
1001 2185 1150 2257 Persoren:
1161 2189 1318 2256 monaster:
1330 2189 1381 2256 sed

356 2274 474 2347 veteris,
498 2270 784 2351 iDanisdeilrudii,
809 2292 969 2358 reparator.

400 2362 480 2424 Huic
489 2358 634 2424 Alwardo
645 2383 792 2448 agnomen
809 2365 907 2427 Wada
923 2365 1014 2448 Angla
1027 2362 1160 2432 sermone
1170 2363 1192 2430 'a
1207 2364 1381 2453 consangui-

356 2452 417 2514 neis
432 2444 521 2531 ipbus
532 2448 573 2512 est
589 2452 728 2526 inditum,
753 2449 836 2537 quod
851 2454 930 2537 apud
946 2454 1142 2537 provinciales
1157 2455 1289 2541 usquein
1302 2458 1382 2519 diem

357 2558 420 2603 nou
435 2538 543 2601 delerit
556 2538 747 2605 hodiernum:

401 2622 562 2727 arandus
587 2646 680 2711 nepos
704 2624 828 2713 Algivae
855 2626 1005 2693 abbarillae
1029 2628 1186 2695 monaiier:
1221 2634 1254 2694 S.
1280 2630 1382 2694 Maria

357 2712 519 2882 Wiiigiia
531 2798 669 2864 abbatissa
682 2800 744 2865 iilia
760 2802 941 2871 Ethelwoldi
956 2786 1072 2867 comitis
1083 2805 1194 2867 extitit:
1211 2806 1261 2870 cui
1279 2804 1381 2869 Ethel-

358 2885 455 2961 drida,
477 2908 546 2971 quae
574 2891 637 2972 regi
661 2888 852 2972 p'oil‘modum
875 2892 1014 2976 Eadgaro
1035 2891 1142 2971 juudta
1166 2892 1208 2957 eli
1229 2895 1387 2959 connubio*

357 2971 474 3049 carnali,
496 2974 634 3058 genitura
646 2994 739 3041 mater
753 2972 822 3041 iuit.

403 3062 562 3126 eilwardus
572 3065 659 3147 petiit
675 3067 714 3128 ab
729 3066 838 3168 Aolgiva
853 3066 991 3130 abbatilla
1003 3082 1119 3151 partem
1133 3064 1338 3151 relliquiarum
1353 3065 1384 3131 S.

359 3151 539 3320 Baiiicigit
552 3237 655 3323 itaque
668 3242 701 3303 S.
715 3234 887 3327 Eadburg‘ae
900 3260 972 3304 cum
981 3240 1132 3327 aliquibus
1144 3239 1269 3307 collis&
1284 3242 1386 3306 minu-

344 3334 348 3341 '
360 3324 488 3389 rioribus
502 3326 611 3389 ollibus
624 3330 738 3410 accepit
755 3328 914 3392 Alwardus
928 3330 964 3391 ab
979 3330 1089 3413 lllgiva
1104 3344 1287 3415 centumque
1300 3330 1328 3393 ei
1343 3330 1383 3393 la·

360 3426 458 3477 tenter
468 3414 556 3479 libras
570 3419 901 3497 enumeravitprobarae
914 3432 1049 3481 monetae.
1121 3440 1123 3445 ·

403 3501 564 3563 Alwardus
575 3521 708 3585 acceptas
718 3503 861 3587 reliquias
877 3505 908 3571 iu
919 3504 1081 3571 Persoreusr
1093 3504 1251 3569 collocarit
1265 3501 1387 3569 ecclefia

359 3587 455 3673 pridie
470 3587 656 3653 lionam:
1189 3602 1192 3606 ’

403 3676 497 3740 wido
511 3677 600 3740 abbas
611 3672 798 3743 Perioreafis2

407 3766 491 3825 Saera
505 3762 592 3848 peliis
606 3768 638 3829 in
652 3769 766 3852 oppido
781 3766 951 3833 Periorensr.

405 3847 490 3913 Milia
509 3852 655 3917 celebrata
675 3856 755 3937 apud
769 3858 800 3919 S.
815 3856 972 3943 AEgidium
992 3854 1141 3943 oppidum
1153 3850 1384 3935 Periurelullra·

362 3952 413 4001 tur
426 3938 523 4003 fereto
538 3943 570 4003 S.
583 3937 763 4025 Eadburgae.

405 4030 553 4110 Rogerius
568 4030 654 4091 Prior
663 4032 846 4094 Malverniae.
901 4026 903 4035 ⁴

200 4132 312 4184 clemens
407 4115 592 4178 Venerabilis
606 4118 690 4180 Prior
704 4120 857 4181 Lantonia
881 4120 1001 4183 nomme
1016 4120 1153 4184 Clemens
1178 4116 1210 4179 8τ
1233 4136 1324 4201 opere
1344 4117 1387 4177 vir

187 4199 346 4267 rriornan-
364 4200 519 4285 iugulatis
533 4203 694 4286 religionis,
717 4208 747 4268 8r
761 4207 889 4269 elimatae
902 4205 1030 4271 scientiae
1050 4216 1063 4245 ⁸
1083 4205 1219 4293 praecluis
1234 4202 1289 4273 suo
1308 4206 1388 4267 luxit
1453 4212 1454 4227 ¹

199 4264 339 4383 ,ἕψω
363 4304 494 4374 tempore
508 4291 586 4356 inter
599 4291 724 4356 illustres
733 4296 812 4356 viros
826 4294 953 4378 Angliae.
1222 4300 1225 4306 '

503 4395 516 4403 ”
640 4398 742 4464 aldeli,
758 4396 882 4466 praeclarus
894 4398 935 4451 uei
949 4398 1063 4469 inclytus.
1299 4380 1388 4467 Regi·
