2934 4900
232 248 418 324 Jotuurs
443 247 656 321 Latenoi,
680 244 973 322 aurisonum.

68 395 155 451 rum,
178 375 339 452 bonorum,
362 378 598 460 catallommque
620 374 753 452 snorum,
775 397 811 440 ac
835 397 891 460 pro
912 377 974 451 eius
989 373 1099 441 inllau·

69 468 205 536 ratione,
229 467 452 548 incremento&
466 486 497 526 re
519 467 650 530 aratione
666 464 853 540 tradidimus,
873 463 1055 534 comiffimus
1067 467 1108 544 dt,

68 549 281 626 concedimus,
305 573 339 614 ac
356 573 407 634 per
422 571 481 634 prae
495 570 574 614 entes
597 571 650 632 pro
673 553 771 624 nobis,
796 554 966 626 heredibus,
990 554 1020 614 dc
1035 550 1100 616 suc·

69 639 237 702 celloribus
256 634 365 702 nostris
392 640 544 712 tradimus,
566 637 784 708 committimus
798 641 828 700 &
845 640 1036 703 concedimus
1050 640 1098 702 di·

69 715 156 794 lecto
172 727 257 790 nobis
272 729 402 806 Johanni
418 727 547 808 Leyland
563 727 686 800 SeniorI,
710 723 795 788 fratri
807 724 938 806 ejusdem
952 729 1097 806 Johannis

70 813 212 894 Lcyland
227 816 367 892 Junioris,
377 811 551 896 custodiam,
567 813 699 897 regimen
713 815 744 876 a
755 813 1005 897 gubernationem
1021 834 1095 898 prae·

70 897 129 964 fati
143 903 290 980 Johannis
306 902 458 982 Leylonde
472 903 611 983 Junioris,
636 921 753 964 necnon
766 903 900 964 omnium
920 901 1096 985 &singulo-

71 1009 144 1052 rum
159 987 304 1072 dignitat‘,
326 971 477 1072 praebend,
500 987 684 1071 pensionum,
708 989 943 1072 promotionum,
965 989 1100 1054 annuitai

71 1078 105 1138 ac
120 1075 337 1140 beneficiorum
352 1097 386 1140 ac
400 1077 528 1140 aliorum
537 1075 671 1140 viduum
679 1095 943 1159 quorumcumque
955 1096 1026 1140 cum
1040 1074 1109 1142 luis.

73 1163 263 1246 pertinentiis
278 1183 347 1248 quae
360 1164 439 1226 idem
455 1165 601 1240 lohannes
616 1163 750 1245 Leyland
765 1164 869 1242 Junior
888 1169 973 1227 nunc'
994 1164 1097 1241 habet,

71 1268 127 1314 aut
143 1249 338 1334 imposterum
353 1249 484 1334 habebit,
508 1246 556 1312 seu
573 1251 682 1324 habere
703 1251 811 1312 debeat
825 1252 938 1314 ratione
951 1272 1097 1336 quacum·

74 1361 137 1422 que
151 1335 367 1422 cujuscumque
386 1356 499 1400 naturae
523 1339 553 1400 dc
579 1338 731 1422 qualitatis
750 1336 886 1413 existant,
906 1356 961 1404 aut
974 1338 1099 1423 quibus·

72 1445 210 1508 cumque
224 1428 395 1490 nominibus
409 1423 587 1500 censeantur,
611 1426 679 1488 licet
703 1425 887 1509 corporalem
911 1426 1098 1498 residentiam

72 1516 231 1598 requirant
245 1515 276 1575 8<
290 1515 420 1598 exigant,
445 1515 572 1576 durante
590 1515 649 1574 vita
665 1513 791 1575 natumli
807 1513 939 1595 praedicti
954 1516 1099 1594 Johanais

73 1599 213 1684 Leyland
229 1603 370 1678 Junioris,
381 1602 484 1692 aliquo
497 1604 625 1677 Statuto,
634 1599 713 1676 adiu,
724 1601 919 1682 ordinatione,
932 1599 1101 1686 provifione

73 1687 124 1752 seu
160 1689 392 1772 proclamatione
420 1691 490 1751 inde
518 1689 640 1752 antehac
669 1691 700 1752 in
729 1691 913 1751 contrarium
933 1686 1098 1769 faitsedit‘,

10 1785 16 1802 ⁸
74 1777 214 1856 ordinat,
225 1773 274 1838 scu
290 1773 473 1858 promissat
487 1776 587 1858 aliqua
602 1798 644 1862 re,
660 1775 810 1860 causauel
821 1777 941 1838 materia
952 1797 1098 1860 quacum·

74 1863 183 1950 quein
198 1865 299 1948 aliquo
314 1881 373 1925 non
398 1863 551 1926 obstante:
574 1865 699 1948 Necnon
721 1861 895 1940 custodiam,
918 1866 1097 1948 regimen&

75 1953 324 2036 gubernationem
342 1954 476 2014 omnium
492 1953 521 2014 ἃ
537 1949 719 2034 singulorum
741 1951 896 2024 bonorum,
920 1952 950 2014 a
974 1951 1099 2016 catallo,

73 2061 157 2116 rum,
173 2039 209 2102 ac
223 2038 394 2104 debitorum
406 2035 526 2102 suorum
541 2058 813 2130 quorumcumque.
842 2041 955 2100 Damus
966 2040 1103 2122 etiam&

74 2149 131 2212 per
153 2123 310 2214 praesentes
334 2147 389 2208 pro
413 2127 508 2197 nobis,
530 2126 689 2212 heredibus
712 2127 742 2188 &
758 2125 975 2212 Succelloribus
989 2124 1098 2193 nostris

76 2215 236 2288 tradimus,
258 2215 470 2276 committimus
484 2214 720 2278 &concedimus
736 2211 859 2297 praefato
873 2214 1001 2291 Johanni
1017 2217 1096 2296 Ley·

75 2303 149 2365 land
166 2301 281 2365 Seniori
297 2297 526 2384 dispositionem,
550 2299 635 2364 ulum
662 2303 691 2364 a
714 2301 942 2382 occupationem
961 2303 1096 2364 omnium

76 2391 106 2453 ἃ
117 2388 292 2455 omnimodo
301 2386 466 2465 fructuum,
482 2388 666 2464 reddituum,
679 2391 900 2464 revencionum
912 2389 1096 2453 emolumen-

77 2496 191 2554 torum,
226 2472 448 2561 stipendiorum,
478 2497 513 2539 ac
536 2493 702 2540 ceterorum
726 2476 950 2561 prolicuorum,¹
967 2478 1095 2556 jurium,

77 2566 307 2650 praeheminenc:
324 2562 569 2630 commoditatum
587 2566 616 2626 dr
629 2567 888 2649 praerogativarum
904 2560 1012 2627 eisdem
1028 2586 1095 2647 pro·

77 2656 262 2729 motionibus
277 2655 306 2715 u
321 2650 469 2717 beneficiis
485 2648 543 2714 suis
563 2648 803 2736 quibuscumque
817 2651 875 2714 five
890 2671 993 2714 eornm
1008 2655 1096 2716 alicui
1163 2659 1166 2665 '

78 2741 276 2825 quovismodo
311 2742 540 2815 imminentium,
577 2741 796 2823 pertinentium,
833 2738 893 2802 stre
922 2740 1097 2823 contingen·

78 2831 167 2905 tium,
191 2830 359 2893 debitorum
387 2830 432 2891 vel
454 2826 659 2891 debendorum
683 2829 722 2890 ad
748 2848 835 2911 opus,
857 2828 1051 2891 commodum
1066 2830 1096 2891 81

78 2917 250 3001 proficuum
274 2914 363 2999 ipsius
380 2914 523 2995 Johannis
541 2914 695 2997 'Leylande
709 2917 840 2997 Junioris
864 2919 894 2978 in
918 2932 977 2983 tam
992 2916 1097 2998 amplis

16 2998 19 3007 ’
78 3004 171 3068 modo
186 3006 216 3067 &
239 2998 346 3076 forma,
370 3023 403 3070 ac
428 3000 553 3085 proinde
575 3023 609 3085 ac
634 3003 656 3066 st
682 3004 763 3066 idem
786 3003 936 3085 Johannes
960 3004 1097 3086 Lcyland

79 3095 189 3175 Junior
215 3092 245 3153 in
270 3088 334 3153 lana
360 3093 500 3155 memoria
525 3090 555 3151 a
580 3108 718 3174 compote
741 3108 840 3153 mente
863 3111 898 3153 ac
921 3092 951 3152 in
977 3094 1097 3175 propria

78 3176 201 3265 persona
221 3176 268 3243 lua
284 3181 316 3241 in
342 3174 448 3241 eisdem
464 3176 611 3263 Reiiotiis
625 3180 654 3241 dc
669 3178 843 3263 praebendis,
865 3179 1012 3243 &cereris
1027 3199 1096 3261 pro-

78 3266 266 3333 motionibus
281 3264 338 3329 suis
351 3262 525 3329 redderetur
539 3266 569 3327 dc
590 3264 778 3329 restdcnciam
791 3264 901 3329 faceret
915 3264 1096 3347 corporalem

79 3358 116 3419 de
132 3370 265 3436 tempore
288 3356 321 3415 in
345 3368 458 3435 tempus
480 3354 569 3431 juxta
583 3350 708 3417 formam
733 3356 763 3416 dc
780 3352 930 3426 effectum,
953 3373 987 3415 ac
1007 3369 1098 3435 prout

78 3446 200 3507 Statuta
214 3444 244 3504 in
258 3435 426 3522 hujusmodi
440 3436 506 3503 casu
524 3438 601 3503 facta
613 3442 732 3525 exigunt
746 3442 776 3503 a
791 3442 953 3524 requirant,
977 3441 1096 3515 habete,

78 3533 242 3613 percipere,
264 3529 405 3615 gaudere,
427 3526 498 3603 frui,
516 3529 570 3602 uti,
596 3526 736 3607 pollrdere
750 3530 779 3590 u
794 3530 919 3591 retinere
934 3527 1096 3611 pacifice&

80 3617 244 3701 tranquille
270 3636 329 3679 tam
353 3636 405 3698 per
428 3634 539 3701 manus,
554 3614 643 3699 ipsius
657 3617 802 3697 Johannis
822 3618 953 3697 Leyland
969 3616 1097 3697 Senioris

80 3708 225 3791 proprias,
260 3725 351 3787 quam
378 3725 429 3785 per
454 3724 558 3765 manus
573 3700 763 3765 Escaetorum
786 3696 864 3772 Coir‘r¹
888 3702 1019 3786 praedttli
1041 3724 1097 3787 pro

82 3811 216 3877 tempore
230 3790 351 3875 exilieri,
375 3811 408 3853 ac
423 3811 474 3873 per
491 3810 601 3867 manus
627 3794 837 3873 Receptorum,
856 3790 1056 3855 firmariorum
1067 3791 1098 3853 dr

82 3883 295 3963 occupatorum
312 3878 532 3963 praemillorum,
563 3878 593 3939 u
607 3898 710 3941 eorum
725 3879 881 3958 cujussibet
896 3900 950 3961 pro
965 3895 1099 3959 tempore

82 3966 205 4040 existen,
229 3969 266 4031 ad
283 3964 367 4029 ulum
383 3968 412 4029 dc
429 3964 620 4037 commodum
644 3966 800 4047 proprium
822 3963 935 4047 praefati
957 3966 1098 4047 Johannis

84 4054 218 4139 Leyland
239 4055 381 4137 Junioris,
415 4044 443 4115 dc
469 4050 525 4114 suae
549 4047 666 4115 familias
690 4070 869 4128 convertere,
897 4053 1044 4135 applicare
1068 4052 1099 4114 dc

81 4141 237 4229 ‘disponere
256 4142 348 4207 libere
372 4140 401 4203 ἃ
426 4141 503 4203 licite
517 4141 612 4202 valeat
634 4142 663 4202 u
690 4140 787 4224 pollit,
810 4141 892 4203 haud
915 4140 1097 4221 secusquaru

83 4228 157 4294 ficut
182 4228 325 4293 hactenus
349 4228 395 4291 vel
416 4228 549 4302 antehac,
570 4226 645 4289 dum
659 4249 783 4311 compos
804 4225 863 4290 fuit
878 4228 995 4302 mentis,
1019 4227 1099 4309 idem

83 4318 234 4399 johannes
244 4316 500 4403 LeylandJuniot
514 4314 630 4392 habuit,
647 4319 788 4409 percepit,
804 4311 920 4403 gauisus
934 4309 1002 4391 fuit,
1017 4310 1098 4379 frue-
1114 4392 1118 4398 ,

514 4423 538 4489 q
900 4466 911 4481 x
1010 4402 1101 4473 batur:

183 4594 195 4622 1

1172 260 1269 322 ΧΝΧ
1295 250 1297 256 ⁴
