2934 4900
207 139 1078 273 au‘eruartrr'coutucTauaA
1180 209 1241 276 ιιι

95 319 174 384 dem
185 317 273 400 ioci,
281 312 429 382 Ciceiirioe
448 314 579 392 Joauues
599 308 639 372 de
653 311 794 393 Langton
812 312 1037 380 archidiaconus
1051 318 1130 386 Can

101 422 183 471 tuac·
199 390 332 469 &Ebort
348 406 410 465 Mr.
426 399 500 462 Gul.
518 400 556 462 de
570 397 751 462 Greuefelde
765 401 965 482 cancellarius
982 406 1076 490 Angla

145 494 297 558 Robertuc
311 493 465 585 deBrews
491 489 544 553 2⁰·
563 501 722 550 coronatus
744 487 776 550 in
800 495 900 572 regem
923 489 1032 555 Scotiae
1055 493 1128 558 rele-

949 580 973 625 u

101 648 187 732 gavit
201 664 328 710 uxorem
342 640 424 751 suam
446 641 523 706 ad²
543 637 629 705 suum
652 655 767 760 patrem
791 642 932 706 comitem
949 644 1106 734 Altoniar
1098 666 1129 715 ιιι

103 779 293 852 Hiberniam,
315 775 401 861 quod
414 776 613 838 admonuerat
626 793 699 836 eum
713 791 751 835 ue
765 769 917 837 ferocius
910 795 941 838 tu
952 797 1052 862 regem
1065 779 1129 842 An·

100 867 170 952 gliae
187 863 335 929 insultaret
348 880 494 948 tauquam
508 863 714 945 potentiorem.

147 955 263 1016 Eodem
278 973 356 1015 anno
374 955 405 1014 6.
424 951 475 1014 die
488 951 560 1012 Maii
575 953 626 1012 D.
642 954 811 1032 Margareta
826 947 927 1034 regina
937 951 1030 1038 Angla
1046 953 1128 1038 apud

102 1041 245 1104 Wintou:
258 1042 374 1124 peperit
388 1039 481 1102 filiam
495 1038 616 1102 nomine
629 1037 813 1100 Alienoram.
914 1072 916 1077 ·

149 1129 318 1192 Almericua
331 1129 370 1190 de
383 1127 522 1191 Valentia
534 1145 636 1190 cornea
658 1124 696 1190 de
710 1124 849 1190 Peubrok
862 1125 992 1192 mitius
979 1149 996 1190 a
1010 1147 1079 1226 rege
1096 1129 1129 1194 iu

103 1219 240 1281 Scotiam
253 1232 288 1278 ut
301 1236 365 1278 eam
380 1226 636 1298 expugnaret..

118 1303 253 1368 Postea
266 1321 320 1366 rex
332 1303 480 1367 acceriivit
491 1301 606 1366 nobiles
620 1301 651 1364 8(
664 1293 811 1366 nobilium
820 1301 930 1366 filium
929 1323 984 1385 qur
974 1301 1129 1366 ordinem
1143 1377 1150 1384 ,

105 1393 137 1455 in
158 1391 250 1476 Angit
273 1389 428 1454 militarem
450 1411 511 1452 non
524 1404 706 1471 acceperant
750 1393 904 1453 Venerunt
919 1389 959 1454 fic
968 1389 1038 1471 juffi
1053 1410 1128 1472 30⁰·

87 1479 234 1556 nobiles,
254 1498 332 1564 quos
349 1479 524 1541 Eduardue
523 1479 669 1580 princeps,
696 1476 777 1540 filius
794 1477 928 1542 Eduardi
942 1477 1041 1561 primi,
1064 1481 1138 1542 ciu·.

105 1569 181 1651 gulo
194 1527 314 1630 militari
326 1564 565 1628 Weiimonastcr·
581 1565 726 1639 accinxit,
749 1563 827 1628 staua
842 1581 963 1649 propter
984 1563 1129 1641 tumbam,

106 1652 354 1737 iupersummum
369 1656 470 1718 altare.
514 1655 556 1715 Et
574 1650 641 1715 haec
660 1651 732 1716 fecit
751 1673 805 1718 rex
824 1669 860 1724 ut
875 1653 1009 1718 militiam
1029 1651 1129 1718 versus

109 1745 243 1819 Scotiam
258 1757 392 1827 augeret.

150 1833 319 1896 Almericus
335 1830 372 1892 de
381 1830 517 1893 Valentia
531 1825 745 1913 pseudoregem
759 1825 880 1894 Scottiae
894 1843 1048 1914 utcunque
1058 1849 1129 1892 con·

104 1919 204 2005 greffu
217 1919 289 1982 belli
305 1917 411 2022 preffit.

152 2009 227 2087 conj
231 2009 345 2070 oratrix
360 2007 397 2068 de
408 2004 545 2067 Bonbam
560 2003 612 2067 illa
625 2003 793 2088 impiiffima
805 2004 989 2086 coujuratrix
1002 2024 1073 2089 quae
1086 2001 1129 2068 se·

105 2095 209 2160 cundo
223 2096 376 2158 coronavit
388 2093 557 2159 Robertum
576 2093 614 2155 de
632 2095 744 2156 Brews.
1018 2163 1027 2186 .

150 2183 213 2245 Illis
229 2183 410 2264 temporibus
431 2194 536 2264 captus
549 2178 591 2242 est
606 2176 830 2258 smon'rriset,
853 2181 962 2265 inquo
982 2181 1131 2264 pendebat

109 2283 174 2334 tota
188 2273 361 2333 Scottorum
372 2270 492 2345 fiducia.

150 2360 256 2420 Simon
270 2357 308 2419 de
322 2355 409 2423 Frisei
425 2361 544 2419 Scottus
560 2370 663 2438 captus
677 2357 707 2418 81
721 2352 881 2440 suspensus
891 2355 1031 2420 Londini.
1065 2414 1068 2420 .

151 2449 334 2512 Herebertus
348 2445 386 2509 de
403 2445 550 2523 Norbam,
572 2445 618 2507 uir
632 2443 745 2507 cuuiiis
761 2445 869 2509 Scottis
882 2441 1047 2519 formofior,
1070 2441 1127 2507 sta·
1149 2474 1157 2486 ν
1186 2504 1188 2506 ,

106 2551 176 2599 tura
189 2534 374 2609 eminentior,
398 2534 530 2595 Londini
544 2552 603 2594 uua
623 2533 695 2596 cum
716 2534 779 2613 ejus
795 2534 942 2615 armigero
953 2531 1074 2597 Thoma
1087 2534 1127 2596 de
1172 2566 1176 2571 ·

106 2629 187 2705 Boys
202 2626 298 2705 capite
312 2624 441 2684 truncati
454 2618 531 2684 sunt.

150 2715 238 2793 Joan.
255 2711 291 2772 de
304 2715 414 2791 Seytou
429 2711 458 2770 dr
471 2707 644 2791 christoph.
659 2711 829 2789 Germayne
853 2710 987 2791 anuigeri
1003 2707 1127 2773 Roberti

107 2799 145 2866 de
164 2801 349 2879 Bruescapti
373 2794 450 2860 sunt.
495 2800 623 2874 Joannes
643 2798 749 2878 apud
749 2802 868 2859 Novum
892 2796 1028 2861 Castrum
1043 2794 1195 2883 supet·
1228 2818 1236 2857 ι

108 2889 202 2961 Tine,
226 2883 456 2968 christophorus
471 2884 551 2966 apud
567 2885 665 2947 Dumf
663 2906 707 2947 res
723 2868 887 2987 suspensus.

112 2980 206 3036 D⁸.
222 2975 365 3041 Neeiede
385 2974 472 3035 Bruis
489 2974 571 3034 miles
593 2974 777 3055 pulcherrrj
772 2974 932 3036 uventutis
952 2986 1059 3056 captus
1085 2968 1191 3073 esti’an
1204 2996 1256 3043 aar
1332 2976 1334 2983 ’

107 3062 138 3129 81
154 3063 237 3143 apud
252 3063 428 3124 Berenicum
442 3061 564 3135 traditis,
587 3058 660 3121 &su
664 3056 791 3143 sponsus.

154 3152 293 3216 Thomas
308 3150 346 3212 de
365 3152 458 3211 Bruea
472 3150 502 3210 dr
515 3148 683 3211 Alexander
696 3149 801 3211 fratres
817 3145 1129 3232 pseudoregiaScotiae

109 3258 170 3299 uua
188 3259 261 3300 cum
280 3237 394 3320 aliquot
407 3238 518 3319 regulis
533 3237 693 3311 Hiberniae,
716 3240 747 3299 in
761 3258 812 3300 ora
833 3238 1008 3302 Gallovidiae
1022 3236 1126 3318 captis,

111 3325 248 3388 Cairleoli
270 3322 409 3409 supremo
436 3320 560 3409 suplicio
587 3323 710 3401 adsedi,
745 3346 876 3408 quorum
901 3326 1005 3408 capita
1018 3356 1021 3363 ·
1035 3322 1131 3408 portit

110 3412 194 3476 urbis
208 3410 307 3496 postea
326 3413 436 3477 adfixa.

112 3528 224 3606 Har
237 3560 297 3622 quae
307 3539 536 3632 sequuntursel
520 3546 582 3603 erio
597 3541 672 3621 stant
687 3562 726 3602 ex
740 3540 830 3603 eadam
844 3539 878 3602 de
890 3536 906 3585 ¹²
918 3561 970 3624 quo
974 3537 1130 3621 superum

196 3625 369 3707 exemplari,
382 3626 481 3707 sedi
450 3629 506 3688 aio
519 3641 623 3690 autore
636 3630 764 3709 scripto.
809 3632 941 3691 Nemeac
958 3624 1131 3709 praefatione

178 3716 398 3795 appareteum
412 3714 534 3777 libellum
547 3718 733 3800 Margaretae
752 3720 869 3801 regino,
892 3712 1129 3792 uxoriEduardr'‚

197 3799 341 3886 dedicoffe.
385 3806 426 3864 Et
440 3805 540 3883 prima
550 3807 646 3951 [operis
663 3806 738 3885 pars
755 3803 859 3889 quast
848 3817 963 3907 integre
977 3794 1089 3885 constat
1097 3800 1132 3867 dc
1164 3876 1166 3883 ,

184 3890 297 3973 figura
310 3889 435 3971 corporis
450 3892 479 3957 (ι
493 3891 637 3977 qualitate
647 3891 779 3955 Eduardi
793 3895 882 3977 regis.

154 3996 247 4057 Anno
258 3999 300 4059 D.
320 4014 412 4081 ¹307·
427 3996 503 4059 obiit
517 4018 571 4062 rex
585 3996 744 4060 Eduardua
760 4001 885 4081 primus.

135 4080 245 4145 Anno
260 4087 300 4147 D.
319 4104 331 4147 1
336 4104 414 4170 312
430 4087 536 4147 Petrus
550 4086 588 4147 de
610 4085 724 4148 Gaston
743 4107 842 4150 comes
862 4084 1024 4151 Cornubiae
1044 4083 1131 4149 deca-

111 4168 223 4254 pitatus
237 4170 279 4236 est-
293 4174 375 4260 apud
388 4171 548 4248 Blakelow,
564 4176 594 4236 dr
607 4174 761 4237 transsatus
772 4173 813 4237 ett
824 4174 904 4261 apud
916 4178 1016 4239 oxon:
1032 4172 1133 4257 postea

375 4298 449 4344 suu
451 4296 548 4345 mm
615 4294 812 4362 thusMr.

171 4354 175 4363 ’
249 4381 270 4427 2
893 4444 897 4457 Ι
1052 4358 1133 4445 apud
