<?xml version="1.0" encoding="UTF-8"?>
<!DOCTYPE html PUBLIC "-//W3C//DTD XHTML 1.0 Transitional//EN"
    "http://www.w3.org/TR/xhtml1/DTD/xhtml1-transitional.dtd">
<html xmlns="http://www.w3.org/1999/xhtml" xml:lang="en" lang="en">
 <head>
  <title>
</title>
<meta http-equiv="Content-Type" content="text/html;charset=utf-8" />
  <meta name='ocr-system' content='tesseract 3.04.00' />
  <meta name='ocr-capabilities' content='ocr_page ocr_carea ocr_par ocr_line ocrx_word'/>
</head>
<body>
  <div class='ocr_page' id='page_1' title='image "./joannislelandia14lelagoog_0369.png"; bbox 0 0 2934 4900; ppageno 0'>
   <div class='ocr_carea' id='block_1_1' title="bbox 216 157 1264 328">
    <p class='ocr_par' dir='ltr' id='par_1_1' title="bbox 216 157 1264 328">
     <span class='ocr_line' id='line_1_1' title="bbox 216 157 1264 328; baseline 0.006 -47"><span class='ocrx_word' id='word_1_1' title='bbox 216 204 558 304; x_wconf 66' lang='lat' dir='ltr'>turmarum</span> <span class='ocrx_word' id='word_1_2' title='bbox 593 210 1016 286; x_wconf 71' lang='lat' dir='ltr'>poetastrum.</span> <span class='ocrx_word' id='word_1_3' title='bbox 1132 157 1264 328; x_wconf 33' lang='lat' dir='ltr'>x2⁴31·</span> 
     </span>
    </p>
   </div>
   <div class='ocr_carea' id='block_1_2' title="bbox 68 340 1114 608">
    <p class='ocr_par' dir='ltr' id='par_1_2' title="bbox 68 340 1114 608">
     <span class='ocr_line' id='line_1_2' title="bbox 68 340 1114 430; baseline 0.01 -25"><span class='ocrx_word' id='word_1_4' title='bbox 68 340 219 409; x_wconf 76' lang='lat' dir='ltr'>cedente</span> <span class='ocrx_word' id='word_1_5' title='bbox 232 343 392 409; x_wconf 78' lang='lat' dir='ltr'>collatis&amp;</span> <span class='ocrx_word' id='word_1_6' title='bbox 406 346 483 408; x_wconf 87' lang='lat' dir='ltr'>datis</span> <span class='ocrx_word' id='word_1_7' title='bbox 498 348 562 410; x_wconf 70' lang='lat'>13⁹.</span> <span class='ocrx_word' id='word_1_8' title='bbox 586 347 731 410; x_wconf 81' lang='lat' dir='ltr'>Eduardo</span> <span class='ocrx_word' id='word_1_9' title='bbox 748 345 765 410; x_wconf 72' lang='grc' dir='ltr'><em>ὲ</em></span> <span class='ocrx_word' id='word_1_10' title='bbox 788 365 869 430; x_wconf 85' lang='lat' dir='ltr'>patre</span> <span class='ocrx_word' id='word_1_11' title='bbox 889 349 942 414; x_wconf 90' lang='lat' dir='ltr'>suo</span> <span class='ocrx_word' id='word_1_12' title='bbox 962 353 1004 415; x_wconf 87' lang='lat' dir='ltr'>D.</span> <span class='ocrx_word' id='word_1_13' title='bbox 1019 353 1114 418; x_wconf 76' lang='lat' dir='ltr'>Hetrrt</span> 
     </span>
     <span class='ocr_line' id='line_1_3' title="bbox 70 432 1113 517; baseline 0.012 -26"><span class='ocrx_word' id='word_1_14' title='bbox 70 451 167 514; x_wconf 85' lang='lat' dir='ltr'>rege</span> <span class='ocrx_word' id='word_1_15' title='bbox 180 432 273 514; x_wconf 82' lang='lat' dir='ltr'>Angl:</span> <span class='ocrx_word' id='word_1_16' title='bbox 296 433 438 496; x_wconf 89' lang='lat' dir='ltr'>omnibus</span> <span class='ocrx_word' id='word_1_17' title='bbox 459 434 541 496; x_wconf 88' lang='lat' dir='ltr'>terris</span> <span class='ocrx_word' id='word_1_18' title='bbox 556 454 633 515; x_wconf 89' lang='lat' dir='ltr'>quas</span> <span class='ocrx_word' id='word_1_19' title='bbox 657 433 763 498; x_wconf 86' lang='lat' dir='ltr'>habuit</span> <span class='ocrx_word' id='word_1_20' title='bbox 778 439 809 498; x_wconf 86' lang='lat' dir='ltr'>itt</span> <span class='ocrx_word' id='word_1_21' title='bbox 825 437 977 511; x_wconf 78' lang='lat' dir='ltr'>Hibernia,</span> <span class='ocrx_word' id='word_1_22' title='bbox 995 439 1113 517; x_wconf 81' lang='lat' dir='ltr'>Wallia,</span> 
     </span>
     <span class='ocr_line' id='line_1_4' title="bbox 70 517 1112 608; baseline 0.008 -26"><span class='ocrx_word' id='word_1_23' title='bbox 70 519 114 582; x_wconf 87' lang='lat'>&amp;</span> <span class='ocrx_word' id='word_1_24' title='bbox 129 517 255 584; x_wconf 81' lang='lat' dir='ltr'>invilla</span> <span class='ocrx_word' id='word_1_25' title='bbox 269 519 414 596; x_wconf 70' lang='lat' dir='ltr'>aristalle,</span> <span class='ocrx_word' id='word_1_26' title='bbox 435 517 516 599; x_wconf 74' lang='lat' dir='ltr'>salvo</span> <span class='ocrx_word' id='word_1_27' title='bbox 535 539 635 584; x_wconf 86' lang='lat' dir='ltr'>tamen</span> <span class='ocrx_word' id='word_1_28' title='bbox 652 521 708 586; x_wconf 81' lang='lat' dir='ltr'>sibi</span> <span class='ocrx_word' id='word_1_29' title='bbox 722 519 775 586; x_wconf 88' lang='lat' dir='ltr'>suo</span> <span class='ocrx_word' id='word_1_30' title='bbox 800 525 891 608; x_wconf 84' lang='lat' dir='ltr'>regali</span> <span class='ocrx_word' id='word_1_31' title='bbox 913 527 944 588; x_wconf 90' lang='lat' dir='ltr'>in</span> <span class='ocrx_word' id='word_1_32' title='bbox 958 526 1112 604; x_wconf 77' lang='lat' dir='ltr'>Hibernia,</span> 
     </span>
    </p>
   </div>
   <div class='ocr_carea' id='block_1_3' title="bbox 74 640 1113 775">
    <p class='ocr_par' dir='ltr' id='par_1_3' title="bbox 74 640 1113 775">
     <span class='ocr_line' id='line_1_5' title="bbox 537 643 941 678; baseline 0.01 -4"><span class='ocrx_word' id='word_1_33' title='bbox 537 643 565 674; x_wconf 82' lang='lat'>12</span> <span class='ocrx_word' id='word_1_34' title='bbox 602 659 610 673; x_wconf 76' lang='grc' dir='ltr'><strong><em>ι</em></strong></span> <span class='ocrx_word' id='word_1_35' title='bbox 939 663 941 678; x_wconf 84' lang='grc' dir='ltr'>ι</span> 
     </span>
     <span class='ocr_line' id='line_1_6' title="bbox 74 640 1113 775; baseline 0.006 -23"><span class='ocrx_word' id='word_1_36' title='bbox 74 691 195 754; x_wconf 82' lang='lat' dir='ltr'>voluit</span> <span class='ocrx_word' id='word_1_37' title='bbox 209 692 333 766; x_wconf 81' lang='lat' dir='ltr'>iuterim,</span> <span class='ocrx_word' id='word_1_38' title='bbox 356 690 494 755; x_wconf 82' lang='lat' dir='ltr'>videlicet</span> <span class='ocrx_word' id='word_1_39' title='bbox 508 640 675 767; x_wconf 53' lang='lat' dir='ltr'>amabilia„</span> <span class='ocrx_word' id='word_1_40' title='bbox 695 682 860 756; x_wconf 86' lang='lat' dir='ltr'>Edwatdus</span> <span class='ocrx_word' id='word_1_41' title='bbox 876 715 927 775; x_wconf 88' lang='lat' dir='ltr'>per</span> <span class='ocrx_word' id='word_1_42' title='bbox 942 677 1113 760; x_wconf 66' lang='lat' dir='ltr'>senescallus</span> 
     </span>
    </p>
   </div>
   <div class='ocr_carea' id='block_1_4' title="bbox 74 774 1251 4433">
    <p class='ocr_par' dir='ltr' id='par_1_4' title="bbox 74 774 1114 1300">
     <span class='ocr_line' id='line_1_7' title="bbox 74 774 1113 863; baseline 0.004 -21"><span class='ocrx_word' id='word_1_43' title='bbox 74 774 163 842; x_wconf 86' lang='lat' dir='ltr'>suos</span> <span class='ocrx_word' id='word_1_44' title='bbox 173 776 348 843; x_wconf 87' lang='lat' dir='ltr'>Galfridum</span> <span class='ocrx_word' id='word_1_45' title='bbox 363 781 400 842; x_wconf 90' lang='lat' dir='ltr'>de</span> <span class='ocrx_word' id='word_1_46' title='bbox 411 781 526 863; x_wconf 84' lang='lat' dir='ltr'>Langel</span> <span class='ocrx_word' id='word_1_47' title='bbox 539 782 570 843; x_wconf 72' lang='lat' dir='ltr'>a</span> <span class='ocrx_word' id='word_1_48' title='bbox 585 780 658 844; x_wconf 87' lang='lat' dir='ltr'>Gul:</span> <span class='ocrx_word' id='word_1_49' title='bbox 671 780 710 842; x_wconf 88' lang='lat' dir='ltr'>de</span> <span class='ocrx_word' id='word_1_50' title='bbox 724 781 851 843; x_wconf 89' lang='lat' dir='ltr'>Wilton:</span> <span class='ocrx_word' id='word_1_51' title='bbox 866 783 1017 863; x_wconf 85' lang='lat' dir='ltr'>imponere</span> <span class='ocrx_word' id='word_1_52' title='bbox 1028 783 1113 846; x_wconf 84' lang='lat' dir='ltr'>Wal-</span> 
     </span>
     <span class='ocr_line' id='line_1_8' title="bbox 74 864 1112 951; baseline 0.005 -22"><span class='ocrx_word' id='word_1_53' title='bbox 74 865 225 931; x_wconf 78' lang='lat' dir='ltr'>letafibus</span> <span class='ocrx_word' id='word_1_54' title='bbox 235 868 312 951; x_wconf 81' lang='lat' dir='ltr'>juga</span> <span class='ocrx_word' id='word_1_55' title='bbox 323 866 378 930; x_wconf 85' lang='lat' dir='ltr'>fibi</span> <span class='ocrx_word' id='word_1_56' title='bbox 393 864 549 931; x_wconf 84' lang='lat' dir='ltr'>subonere</span> <span class='ocrx_word' id='word_1_57' title='bbox 563 864 691 942; x_wconf 84' lang='lat' dir='ltr'>insueto,</span> <span class='ocrx_word' id='word_1_58' title='bbox 713 867 848 932; x_wconf 87' lang='lat' dir='ltr'>videlicet</span> <span class='ocrx_word' id='word_1_59' title='bbox 863 869 902 931; x_wconf 87' lang='lat' dir='ltr'>de</span> <span class='ocrx_word' id='word_1_60' title='bbox 912 869 1050 951; x_wconf 84' lang='lat' dir='ltr'>quolibet</span> <span class='ocrx_word' id='word_1_61' title='bbox 1064 891 1112 934; x_wconf 57' lang='lat' dir='ltr'>ca*</span> 
     </span>
     <span class='ocr_line' id='line_1_9' title="bbox 77 952 1114 1038; baseline 0.005 -21"><span class='ocrx_word' id='word_1_62' title='bbox 77 952 159 1036; x_wconf 87' lang='lat' dir='ltr'>pite</span> <span class='ocrx_word' id='word_1_63' title='bbox 169 954 338 1037; x_wconf 80' lang='lat' dir='ltr'>quindecim</span> <span class='ocrx_word' id='word_1_64' title='bbox 349 971 453 1036; x_wconf 77' lang='lat' dir='ltr'>mpete</span> <span class='ocrx_word' id='word_1_65' title='bbox 462 955 605 1018; x_wconf 84' lang='lat' dir='ltr'>denarios.</span> <span class='ocrx_word' id='word_1_66' title='bbox 629 955 796 1020; x_wconf 86' lang='lat' dir='ltr'>Leweliuus</span> <span class='ocrx_word' id='word_1_67' title='bbox 805 955 907 1038; x_wconf 85' lang='lat' dir='ltr'>igitur,</span> <span class='ocrx_word' id='word_1_68' title='bbox 918 955 1114 1022; x_wconf 85' lang='lat' dir='ltr'>filiusGrifini</span> 
     </span>
     <span class='ocr_line' id='line_1_10' title="bbox 77 1041 1113 1126; baseline 0.005 -23"><span class='ocrx_word' id='word_1_69' title='bbox 77 1043 236 1124; x_wconf 85' lang='lat' dir='ltr'>principis</span> <span class='ocrx_word' id='word_1_70' title='bbox 260 1041 385 1117; x_wconf 70' lang='lat' dir='ltr'>uetita,</span> <span class='ocrx_word' id='word_1_71' title='bbox 408 1042 535 1124; x_wconf 62' lang='lat' dir='ltr'>milesio</span> <span class='ocrx_word' id='word_1_72' title='bbox 556 1044 689 1106; x_wconf 84' lang='lat' dir='ltr'>exercitu</span> <span class='ocrx_word' id='word_1_73' title='bbox 709 1042 748 1106; x_wconf 84' lang='lat' dir='ltr'>de</span> <span class='ocrx_word' id='word_1_74' title='bbox 767 1042 931 1120; x_wconf 32' lang='lat' dir='ltr'>wellias&amp;</span> <span class='ocrx_word' id='word_1_75' title='bbox 950 1043 1033 1123; x_wconf 88' lang='lat' dir='ltr'>alibi,</span> <span class='ocrx_word' id='word_1_76' title='bbox 1056 1065 1113 1126; x_wconf 90' lang='lat' dir='ltr'>pro</span> 
     </span>
     <span class='ocr_line' id='line_1_11' title="bbox 77 1126 1114 1212; baseline 0.002 -19"><span class='ocrx_word' id='word_1_77' title='bbox 77 1131 174 1210; x_wconf 83' lang='lat' dir='ltr'>polle</span> <span class='ocrx_word' id='word_1_78' title='bbox 188 1126 240 1197; x_wconf 85' lang='lat' dir='ltr'>suo</span> <span class='ocrx_word' id='word_1_79' title='bbox 254 1131 378 1209; x_wconf 68' lang='lat' dir='ltr'>viriliter</span> <span class='ocrx_word' id='word_1_80' title='bbox 393 1146 526 1212; x_wconf 84' lang='lat' dir='ltr'>paternas</span> <span class='ocrx_word' id='word_1_81' title='bbox 547 1131 693 1193; x_wconf 84' lang='lat' dir='ltr'>libertates</span> <span class='ocrx_word' id='word_1_82' title='bbox 718 1127 887 1194; x_wconf 86' lang='lat' dir='ltr'>sustinendo</span> <span class='ocrx_word' id='word_1_83' title='bbox 905 1127 1017 1195; x_wconf 82' lang='lat' dir='ltr'>resistit.</span> <span class='ocrx_word' id='word_1_84' title='bbox 1061 1132 1114 1195; x_wconf 85' lang='lat' dir='ltr'>Ad</span> 
     </span>
     <span class='ocr_line' id='line_1_12' title="bbox 76 1212 1113 1300; baseline 0.001 -19"><span class='ocrx_word' id='word_1_85' title='bbox 76 1237 171 1299; x_wconf 84' lang='lat' dir='ltr'>quos</span> <span class='ocrx_word' id='word_1_86' title='bbox 184 1217 376 1285; x_wconf 83' lang='lat' dir='ltr'>debellandos</span> <span class='ocrx_word' id='word_1_87' title='bbox 387 1215 486 1283; x_wconf 79' lang='lat' dir='ltr'>misius</span> <span class='ocrx_word' id='word_1_88' title='bbox 496 1212 560 1280; x_wconf 86' lang='lat' dir='ltr'>erat</span> <span class='ocrx_word' id='word_1_89' title='bbox 575 1219 743 1300; x_wconf 84' lang='lat' dir='ltr'>Stephanus</span> <span class='ocrx_word' id='word_1_90' title='bbox 757 1219 883 1294; x_wconf 73' lang='lat' dir='ltr'>Baiurae,</span> <span class='ocrx_word' id='word_1_91' title='bbox 899 1218 979 1282; x_wconf 86' lang='lat' dir='ltr'>miles</span> <span class='ocrx_word' id='word_1_92' title='bbox 993 1218 1113 1294; x_wconf 83' lang='lat' dir='ltr'>nobilis,</span> 
     </span>
    </p>

    <p class='ocr_par' dir='ltr' id='par_1_5' title="bbox 78 1303 1235 1896">
     <span class='ocr_line' id='line_1_13' title="bbox 78 1303 1235 1390; baseline 0.002 -22"><span class='ocrx_word' id='word_1_93' title='bbox 78 1307 119 1368; x_wconf 68' lang='grc' dir='ltr'><strong>ἃ</strong></span> <span class='ocrx_word' id='word_1_94' title='bbox 136 1305 187 1368; x_wconf 88' lang='lat' dir='ltr'>alii</span> <span class='ocrx_word' id='word_1_95' title='bbox 202 1305 240 1369; x_wconf 88' lang='lat' dir='ltr'>de</span> <span class='ocrx_word' id='word_1_96' title='bbox 254 1305 346 1386; x_wconf 85' lang='lat' dir='ltr'>Aagl:</span> <span class='ocrx_word' id='word_1_97' title='bbox 362 1303 454 1374; x_wconf 82' lang='lat' dir='ltr'>fortes</span> <span class='ocrx_word' id='word_1_98' title='bbox 465 1306 495 1367; x_wconf 74' lang='grc' dir='ltr'>δι</span> <span class='ocrx_word' id='word_1_99' title='bbox 506 1306 617 1386; x_wconf 80' lang='lat' dir='ltr'>inclyti,</span> <span class='ocrx_word' id='word_1_100' title='bbox 639 1308 694 1387; x_wconf 90' lang='lat' dir='ltr'>qui</span> <span class='ocrx_word' id='word_1_101' title='bbox 707 1310 808 1369; x_wconf 82' lang='lat' dir='ltr'>omnes</span> <span class='ocrx_word' id='word_1_102' title='bbox 820 1304 933 1370; x_wconf 80' lang='lat' dir='ltr'>sedusli</span> <span class='ocrx_word' id='word_1_103' title='bbox 949 1326 1002 1387; x_wconf 86' lang='lat' dir='ltr'>per</span> <span class='ocrx_word' id='word_1_104' title='bbox 1016 1327 1111 1390; x_wconf 80' lang='lat' dir='ltr'>quea·</span> <span class='ocrx_word' id='word_1_105' title='bbox 1234 1379 1235 1384; x_wconf 8' lang='grc' dir='ltr'>η</span> 
     </span>
     <span class='ocr_line' id='line_1_14' title="bbox 79 1389 1112 1476; baseline 0.002 -18"><span class='ocrx_word' id='word_1_106' title='bbox 79 1392 163 1458; x_wconf 84' lang='lat' dir='ltr'>dam</span> <span class='ocrx_word' id='word_1_107' title='bbox 189 1391 427 1470; x_wconf 82' lang='lat' dir='ltr'>fraudulentum,</span> <span class='ocrx_word' id='word_1_108' title='bbox 449 1394 567 1458; x_wconf 84' lang='lat' dir='ltr'>nomiae</span> <span class='ocrx_word' id='word_1_109' title='bbox 580 1389 695 1456; x_wconf 85' lang='lat' dir='ltr'>Resum</span> <span class='ocrx_word' id='word_1_110' title='bbox 711 1395 826 1468; x_wconf 87' lang='lat' dir='ltr'>Valian,</span> <span class='ocrx_word' id='word_1_111' title='bbox 850 1390 1112 1476; x_wconf 60' lang='lat' dir='ltr'>miserabiliterju*</span> 
     </span>
     <span class='ocr_line' id='line_1_15' title="bbox 81 1478 1111 1564; baseline 0.002 -21"><span class='ocrx_word' id='word_1_112' title='bbox 81 1479 190 1564; x_wconf 85' lang='lat' dir='ltr'>gulati</span> <span class='ocrx_word' id='word_1_113' title='bbox 214 1480 430 1557; x_wconf 87' lang='lat' dir='ltr'>occubuerunt,</span> <span class='ocrx_word' id='word_1_114' title='bbox 455 1481 656 1551; x_wconf 67' lang='lat' dir='ltr'>,evadentibus</span> <span class='ocrx_word' id='word_1_115' title='bbox 679 1478 777 1546; x_wconf 84' lang='lat' dir='ltr'>solum</span> <span class='ocrx_word' id='word_1_116' title='bbox 799 1481 855 1546; x_wconf 64' lang='lat' dir='ltr'>D0.</span> <span class='ocrx_word' id='word_1_117' title='bbox 877 1480 1001 1544; x_wconf 88' lang='lat' dir='ltr'>Nicolao</span> <span class='ocrx_word' id='word_1_118' title='bbox 1020 1481 1058 1545; x_wconf 89' lang='lat' dir='ltr'>de</span> <span class='ocrx_word' id='word_1_119' title='bbox 1078 1485 1111 1560; x_wconf 74' lang='grc' dir='ltr'>ὃ.</span> 
     </span>
     <span class='ocr_line' id='line_1_16' title="bbox 81 1566 1175 1652; baseline 0.004 -20"><span class='ocrx_word' id='word_1_120' title='bbox 81 1571 240 1644; x_wconf 79' lang='lat' dir='ltr'>Martiae,</span> <span class='ocrx_word' id='word_1_121' title='bbox 264 1577 355 1651; x_wconf 80' lang='lat' dir='ltr'>capto</span> <span class='ocrx_word' id='word_1_122' title='bbox 378 1584 477 1630; x_wconf 81' lang='lat' dir='ltr'>tameo</span> <span class='ocrx_word' id='word_1_123' title='bbox 504 1571 535 1632; x_wconf 75' lang='grc' dir='ltr'><strong>ἃ</strong></span> <span class='ocrx_word' id='word_1_124' title='bbox 561 1566 762 1651; x_wconf 83' lang='lat' dir='ltr'>imptisotrato,</span> <span class='ocrx_word' id='word_1_125' title='bbox 794 1571 824 1632; x_wconf 72' lang='grc' dir='ltr'><strong>ἃ</strong></span> <span class='ocrx_word' id='word_1_126' title='bbox 850 1573 906 1633; x_wconf 81' lang='lat' dir='ltr'>D0.</span> <span class='ocrx_word' id='word_1_127' title='bbox 931 1571 1053 1652; x_wconf 83' lang='lat' dir='ltr'>Rogero</span> <span class='ocrx_word' id='word_1_128' title='bbox 1074 1570 1112 1634; x_wconf 88' lang='lat' dir='ltr'>de</span> <span class='ocrx_word' id='word_1_129' title='bbox 1173 1633 1175 1636; x_wconf 84' lang='lat'>.</span> 
     </span>
     <span class='ocr_line' id='line_1_17' title="bbox 83 1653 1111 1739; baseline 0 -19"><span class='ocrx_word' id='word_1_130' title='bbox 83 1656 255 1738; x_wconf 85' lang='lat' dir='ltr'>Leyburne</span> <span class='ocrx_word' id='word_1_131' title='bbox 268 1676 338 1718; x_wconf 86' lang='lat' dir='ltr'>cum</span> <span class='ocrx_word' id='word_1_132' title='bbox 359 1653 538 1739; x_wconf 82' lang='lat' dir='ltr'>quibusdam</span> <span class='ocrx_word' id='word_1_133' title='bbox 561 1659 673 1739; x_wconf 84' lang='lat' dir='ltr'>paucis,</span> <span class='ocrx_word' id='word_1_134' title='bbox 694 1671 751 1719; x_wconf 85' lang='lat' dir='ltr'>etc.</span> <span class='ocrx_word' id='word_1_135' title='bbox 770 1671 804 1719; x_wconf 90' lang='lat' dir='ltr'>ut</span> <span class='ocrx_word' id='word_1_136' title='bbox 825 1656 969 1722; x_wconf 86' lang='lat' dir='ltr'>Heuricus</span> <span class='ocrx_word' id='word_1_137' title='bbox 984 1677 1036 1722; x_wconf 82' lang='lat' dir='ltr'>rex</span> <span class='ocrx_word' id='word_1_138' title='bbox 1049 1659 1111 1720; x_wconf 74' lang='lat' dir='ltr'>Ga</span> 
     </span>
     <span class='ocr_line' id='line_1_18' title="bbox 83 1743 1112 1830; baseline 0 -22"><span class='ocrx_word' id='word_1_139' title='bbox 83 1763 150 1808; x_wconf 88' lang='lat' dir='ltr'>noc</span> <span class='ocrx_word' id='word_1_140' title='bbox 173 1746 291 1826; x_wconf 86' lang='lat' dir='ltr'>petierit</span> <span class='ocrx_word' id='word_1_141' title='bbox 306 1764 357 1826; x_wconf 90' lang='lat' dir='ltr'>per</span> <span class='ocrx_word' id='word_1_142' title='bbox 378 1758 570 1822; x_wconf 76' lang='lat' dir='ltr'><strong>autumnum,</strong></span> <span class='ocrx_word' id='word_1_143' title='bbox 592 1743 722 1808; x_wconf 84' lang='lat' dir='ltr'>nullate</span> <span class='ocrx_word' id='word_1_144' title='bbox 739 1743 925 1810; x_wconf 81' lang='lat' dir='ltr'>memorabili</span> <span class='ocrx_word' id='word_1_145' title='bbox 947 1743 1027 1829; x_wconf 82' lang='lat' dir='ltr'>gella</span> <span class='ocrx_word' id='word_1_146' title='bbox 1045 1743 1112 1830; x_wconf 84' lang='lat' dir='ltr'>post</span> 
     </span>
     <span class='ocr_line' id='line_1_19' title="bbox 81 1829 371 1896; baseline -0.017 0"><span class='ocrx_word' id='word_1_147' title='bbox 81 1829 227 1896; x_wconf 81' lang='lat' dir='ltr'>mensem</span> <span class='ocrx_word' id='word_1_148' title='bbox 239 1832 371 1894; x_wconf 85' lang='lat' dir='ltr'>redierit.</span> 
     </span>
    </p>

    <p class='ocr_par' dir='ltr' id='par_1_6' title="bbox 81 1917 1112 2512">
     <span class='ocr_line' id='line_1_20' title="bbox 137 1917 1109 2005; baseline 0.002 -23"><span class='ocrx_word' id='word_1_149' title='bbox 137 1925 229 1985; x_wconf 77' lang='lat' dir='ltr'>Anao</span> <span class='ocrx_word' id='word_1_150' title='bbox 241 1923 285 1982; x_wconf 92' lang='lat' dir='ltr'>D.</span> <span class='ocrx_word' id='word_1_151' title='bbox 299 1937 336 1982; x_wconf 84' lang='lat' dir='ltr'>ta</span> <span class='ocrx_word' id='word_1_152' title='bbox 341 1922 393 2002; x_wconf 84' lang='lat'>58.</span> <span class='ocrx_word' id='word_1_153' title='bbox 409 1919 531 2002; x_wconf 88' lang='lat' dir='ltr'>quidam</span> <span class='ocrx_word' id='word_1_154' title='bbox 543 1918 633 2001; x_wconf 81' lang='lat' dir='ltr'>Augl:</span> <span class='ocrx_word' id='word_1_155' title='bbox 646 1934 803 2005; x_wconf 82' lang='lat' dir='ltr'>magnates</span> <span class='ocrx_word' id='word_1_156' title='bbox 811 1918 850 1982; x_wconf 92' lang='lat' dir='ltr'>ad</span> <span class='ocrx_word' id='word_1_157' title='bbox 863 1918 1044 2000; x_wconf 82' lang='lat' dir='ltr'>jentaculum</span> <span class='ocrx_word' id='word_1_158' title='bbox 1058 1917 1109 1984; x_wconf 57' lang='grc' dir='ltr'>θ’»</span> 
     </span>
     <span class='ocr_line' id='line_1_21' title="bbox 84 2004 1112 2090; baseline 0 -20"><span class='ocrx_word' id='word_1_159' title='bbox 84 2007 230 2070; x_wconf 88' lang='lat' dir='ltr'>Eduardi</span> <span class='ocrx_word' id='word_1_160' title='bbox 244 2006 299 2072; x_wconf 86' lang='lat' dir='ltr'>filil</span> <span class='ocrx_word' id='word_1_161' title='bbox 313 2007 391 2090; x_wconf 81' lang='lat' dir='ltr'>regis</span> <span class='ocrx_word' id='word_1_162' title='bbox 405 2007 538 2080; x_wconf 79' lang='lat' dir='ltr'>venenati</span> <span class='ocrx_word' id='word_1_163' title='bbox 558 2004 630 2068; x_wconf 87' lang='lat' dir='ltr'>suut</span> <span class='ocrx_word' id='word_1_164' title='bbox 655 2007 825 2088; x_wconf 87' lang='lat' dir='ltr'>proditione</span> <span class='ocrx_word' id='word_1_165' title='bbox 847 2009 879 2070; x_wconf 58' lang='lat' dir='ltr'>,8t</span> <span class='ocrx_word' id='word_1_166' title='bbox 901 2009 1112 2090; x_wconf 87' lang='lat' dir='ltr'>procuratione</span> 
     </span>
     <span class='ocr_line' id='line_1_22' title="bbox 85 2092 1111 2178; baseline -0.004 -16"><span class='ocrx_word' id='word_1_167' title='bbox 85 2092 323 2170; x_wconf 73' lang='lat' dir='ltr'>Pistaveufium,</span> <span class='ocrx_word' id='word_1_168' title='bbox 345 2096 423 2165; x_wconf 78' lang='lat' dir='ltr'>inter</span> <span class='ocrx_word' id='word_1_169' title='bbox 436 2115 514 2178; x_wconf 85' lang='lat' dir='ltr'>quos</span> <span class='ocrx_word' id='word_1_170' title='bbox 529 2097 572 2159; x_wconf 89' lang='lat' dir='ltr'>D.</span> <span class='ocrx_word' id='word_1_171' title='bbox 586 2094 661 2166; x_wconf 87' lang='lat' dir='ltr'>Gul:</span> <span class='ocrx_word' id='word_1_172' title='bbox 685 2095 724 2156; x_wconf 86' lang='lat' dir='ltr'>de</span> <span class='ocrx_word' id='word_1_173' title='bbox 741 2093 841 2169; x_wconf 89' lang='lat' dir='ltr'>Claro,</span> <span class='ocrx_word' id='word_1_174' title='bbox 864 2092 956 2158; x_wconf 86' lang='lat' dir='ltr'>frater</span> <span class='ocrx_word' id='word_1_175' title='bbox 970 2095 1111 2165; x_wconf 74' lang='lat' dir='ltr'>Richards</span> 
     </span>
     <span class='ocr_line' id='line_1_23' title="bbox 83 2180 1109 2264; baseline -0.001 -17"><span class='ocrx_word' id='word_1_176' title='bbox 83 2183 211 2247; x_wconf 85' lang='lat' dir='ltr'>comitis</span> <span class='ocrx_word' id='word_1_177' title='bbox 225 2180 373 2248; x_wconf 82' lang='lat' dir='ltr'>Gloc&#39;eslrr</span> <span class='ocrx_word' id='word_1_178' title='bbox 388 2182 471 2249; x_wconf 85' lang='lat' dir='ltr'>miles</span> <span class='ocrx_word' id='word_1_179' title='bbox 494 2181 634 2261; x_wconf 84' lang='lat' dir='ltr'>inclytus,</span> <span class='ocrx_word' id='word_1_180' title='bbox 656 2201 772 2244; x_wconf 87' lang='lat' dir='ltr'>veneno</span> <span class='ocrx_word' id='word_1_181' title='bbox 793 2181 900 2264; x_wconf 78' lang='lat' dir='ltr'>periitt</span> <span class='ocrx_word' id='word_1_182' title='bbox 922 2181 1013 2249; x_wconf 77' lang='lat' dir='ltr'>ueteri</span> <span class='ocrx_word' id='word_1_183' title='bbox 1027 2202 1109 2258; x_wconf 87' lang='lat' dir='ltr'>vero,</span> 
     </span>
     <span class='ocr_line' id='line_1_24' title="bbox 81 2265 1112 2350; baseline -0.002 -15"><span class='ocrx_word' id='word_1_184' title='bbox 81 2271 343 2350; x_wconf 85' lang='lat' dir='ltr'>celeri-adjutorio</span> <span class='ocrx_word' id='word_1_185' title='bbox 357 2271 465 2332; x_wconf 86' lang='lat' dir='ltr'>muniti</span> <span class='ocrx_word' id='word_1_186' title='bbox 485 2267 708 2332; x_wconf 85' lang='lat' dir='ltr'>convaluerunt.</span> <span class='ocrx_word' id='word_1_187' title='bbox 755 2272 791 2330; x_wconf 86' lang='lat' dir='ltr'>Ia</span> <span class='ocrx_word' id='word_1_188' title='bbox 804 2269 910 2332; x_wconf 85' lang='lat' dir='ltr'>eadem</span> <span class='ocrx_word' id='word_1_189' title='bbox 921 2265 1022 2335; x_wconf 79' lang='lat' dir='ltr'>aestate</span> <span class='ocrx_word' id='word_1_190' title='bbox 1046 2271 1112 2335; x_wconf 88' lang='lat' dir='ltr'>obi·</span> 
     </span>
     <span class='ocr_line' id='line_1_25' title="bbox 81 2355 1111 2441; baseline 0.001 -20"><span class='ocrx_word' id='word_1_191' title='bbox 81 2374 189 2433; x_wconf 80' lang='lat' dir='ltr'>erant,</span> <span class='ocrx_word' id='word_1_192' title='bbox 214 2355 332 2441; x_wconf 83' lang='lat' dir='ltr'>viginti,</span> <span class='ocrx_word' id='word_1_193' title='bbox 348 2357 516 2433; x_wconf 68' lang='lat' dir='ltr'>ordiatur,</span> <span class='ocrx_word' id='word_1_194' title='bbox 541 2355 699 2418; x_wconf 84' lang='lat' dir='ltr'>bominum</span> <span class='ocrx_word' id='word_1_195' title='bbox 712 2355 804 2417; x_wconf 90' lang='lat' dir='ltr'>millia</span> <span class='ocrx_word' id='word_1_196' title='bbox 819 2355 952 2420; x_wconf 83' lang='lat' dir='ltr'>Londioi</span> <span class='ocrx_word' id='word_1_197' title='bbox 966 2360 1111 2422; x_wconf 82' lang='lat' dir='ltr'>attenuati</span> 
     </span>
     <span class='ocr_line' id='line_1_26' title="bbox 85 2445 185 2512; baseline -0.04 0"><span class='ocrx_word' id='word_1_198' title='bbox 85 2445 185 2512; x_wconf 82' lang='lat' dir='ltr'>same.</span> 
     </span>
    </p>

    <p class='ocr_par' dir='ltr' id='par_1_7' title="bbox 131 2528 1243 2619">
     <span class='ocr_line' id='line_1_27' title="bbox 131 2528 1243 2619; baseline -0.003 -21"><span class='ocrx_word' id='word_1_199' title='bbox 131 2529 287 2598; x_wconf 69' lang='lat' dir='ltr'>Iatetsesti</span> <span class='ocrx_word' id='word_1_200' title='bbox 300 2529 369 2597; x_wconf 87' lang='lat' dir='ltr'>suat</span> <span class='ocrx_word' id='word_1_201' title='bbox 383 2530 490 2596; x_wconf 77' lang='lat' dir='ltr'>eodem</span> <span class='ocrx_word' id='word_1_202' title='bbox 504 2550 583 2595; x_wconf 85' lang='lat' dir='ltr'>auno</span> <span class='ocrx_word' id='word_1_203' title='bbox 603 2529 685 2617; x_wconf 86' lang='lat' dir='ltr'>apud</span> <span class='ocrx_word' id='word_1_204' title='bbox 699 2528 883 2619; x_wconf 77' lang='lat' dir='ltr'>Cairmarrlir</span> <span class='ocrx_word' id='word_1_205' title='bbox 896 2531 929 2593; x_wconf 86' lang='lat' dir='ltr'>irt</span> <span class='ocrx_word' id='word_1_206' title='bbox 942 2530 1052 2597; x_wconf 82' lang='lat' dir='ltr'>Wallia</span> <span class='ocrx_word' id='word_1_207' title='bbox 1067 2534 1108 2600; x_wconf 90' lang='lat' dir='ltr'>D.</span> <span class='ocrx_word' id='word_1_208' title='bbox 1117 2544 1173 2611; x_wconf 74' lang='lat' dir='ltr'>rag.</span> <span class='ocrx_word' id='word_1_209' title='bbox 1185 2538 1243 2595; x_wconf 68' lang='lat' dir='ltr'>att.</span> 
     </span>
    </p>

    <p class='ocr_par' dir='ltr' id='par_1_8' title="bbox 87 2630 1111 2871">
     <span class='ocr_line' id='line_1_28' title="bbox 320 2630 750 2691; baseline 0 -12"><span class='ocrx_word' id='word_1_210' title='bbox 320 2630 416 2684; x_wconf 71' lang='lat' dir='ltr'>cmreir</span> <span class='ocrx_word' id='word_1_211' title='bbox 747 2684 750 2691; x_wconf 48' lang='grc'>,</span> 
     </span>
     <span class='ocr_line' id='line_1_29' title="bbox 87 2689 1111 2781; baseline 0 -16"><span class='ocrx_word' id='word_1_212' title='bbox 87 2701 233 2765; x_wconf 83' lang='lat' dir='ltr'>Patritius</span> <span class='ocrx_word' id='word_1_213' title='bbox 255 2700 294 2764; x_wconf 88' lang='lat' dir='ltr'>de</span> <span class='ocrx_word' id='word_1_214' title='bbox 309 2697 462 2775; x_wconf 85' lang='lat' dir='ltr'>Chaurch,</span> <span class='ocrx_word' id='word_1_215' title='bbox 485 2699 538 2762; x_wconf 81' lang='lat' dir='ltr'>D·.</span> <span class='ocrx_word' id='word_1_216' title='bbox 553 2698 648 2781; x_wconf 83' lang='lat' dir='ltr'>Hugo</span> <span class='ocrx_word' id='word_1_217' title='bbox 662 2695 701 2761; x_wconf 92' lang='lat' dir='ltr'>de</span> <span class='ocrx_word' id='word_1_218' title='bbox 713 2689 817 2780; x_wconf 81' lang='lat' dir='ltr'>Wynn</span> <span class='ocrx_word' id='word_1_219' title='bbox 833 2694 953 2777; x_wconf 78' lang='lat' dir='ltr'>milites,</span> <span class='ocrx_word' id='word_1_220' title='bbox 977 2700 1008 2761; x_wconf 75' lang='grc' dir='ltr'><strong>ἃ</strong></span> <span class='ocrx_word' id='word_1_221' title='bbox 1022 2690 1111 2777; x_wconf 82' lang='lat' dir='ltr'>multi</span> 
     </span>
     <span class='ocr_line' id='line_1_30' title="bbox 87 2782 599 2871; baseline -0.008 -18"><span class='ocrx_word' id='word_1_222' title='bbox 87 2788 145 2853; x_wconf 82' lang='lat' dir='ltr'>alii</span> <span class='ocrx_word' id='word_1_223' title='bbox 162 2803 224 2851; x_wconf 89' lang='lat' dir='ltr'>tam</span> <span class='ocrx_word' id='word_1_224' title='bbox 238 2788 354 2871; x_wconf 81' lang='lat' dir='ltr'>equitas</span> <span class='ocrx_word' id='word_1_225' title='bbox 368 2806 461 2869; x_wconf 85' lang='lat' dir='ltr'>quarn</span> <span class='ocrx_word' id='word_1_226' title='bbox 475 2782 599 2868; x_wconf 83' lang='lat' dir='ltr'>pedites.</span> 
     </span>
    </p>

    <p class='ocr_par' dir='ltr' id='par_1_9' title="bbox 86 2870 1136 3047">
     <span class='ocr_line' id='line_1_31' title="bbox 134 2870 1110 2961; baseline 0 -22"><span class='ocrx_word' id='word_1_227' title='bbox 134 2873 265 2939; x_wconf 80' lang='lat' dir='ltr'>Ecclefia</span> <span class='ocrx_word' id='word_1_228' title='bbox 282 2880 388 2939; x_wconf 84' lang='lat' dir='ltr'>Sarum</span> <span class='ocrx_word' id='word_1_229' title='bbox 408 2872 546 2939; x_wconf 86' lang='lat' dir='ltr'>dedicata</span> <span class='ocrx_word' id='word_1_230' title='bbox 567 2874 599 2935; x_wconf 88' lang='lat' dir='ltr'>ia</span> <span class='ocrx_word' id='word_1_231' title='bbox 626 2870 702 2938; x_wconf 78' lang='lat' dir='ltr'>fello</span> <span class='ocrx_word' id='word_1_232' title='bbox 727 2875 759 2937; x_wconf 89' lang='lat' dir='ltr'>S.</span> <span class='ocrx_word' id='word_1_233' title='bbox 775 2871 944 2948; x_wconf 72' lang='lat' dir='ltr'>Michaelis,</span> <span class='ocrx_word' id='word_1_234' title='bbox 967 2874 1023 2937; x_wconf 71' lang='lat'>13⁰.</span> <span class='ocrx_word' id='word_1_235' title='bbox 1040 2894 1110 2961; x_wconf 77' lang='lat' dir='ltr'>rege</span> 
     </span>
     <span class='ocr_line' id='line_1_32' title="bbox 86 2956 1136 3047; baseline -0.006 -18"><span class='ocrx_word' id='word_1_236' title='bbox 86 2959 292 3046; x_wconf 85' lang='lat' dir='ltr'>omnibusque</span> <span class='ocrx_word' id='word_1_237' title='bbox 304 2960 470 3045; x_wconf 80' lang='lat' dir='ltr'>sereAngl:</span> <span class='ocrx_word' id='word_1_238' title='bbox 487 2975 621 3047; x_wconf 71' lang='lat' dir='ltr'>magnate</span> <span class='ocrx_word' id='word_1_239' title='bbox 636 2956 838 3045; x_wconf 67' lang='lat' dir='ltr'>presentibus,</span> <span class='ocrx_word' id='word_1_240' title='bbox 860 2980 939 3023; x_wconf 89' lang='lat' dir='ltr'>anno</span> <span class='ocrx_word' id='word_1_241' title='bbox 957 2964 1053 3045; x_wconf 76' lang='lat'>1258.</span> <span class='ocrx_word' id='word_1_242' title='bbox 1133 2966 1136 2972; x_wconf 56' lang='lat'><strong>⁴</strong></span> 
     </span>
    </p>

    <p class='ocr_par' dir='ltr' id='par_1_10' title="bbox 92 3042 1110 3202">
     <span class='ocr_line' id='line_1_33' title="bbox 137 3042 1110 3125; baseline -0.002 -10"><span class='ocrx_word' id='word_1_243' title='bbox 137 3051 250 3115; x_wconf 87' lang='lat' dir='ltr'>Eodem</span> <span class='ocrx_word' id='word_1_244' title='bbox 275 3051 356 3118; x_wconf 80' lang='lat' dir='ltr'>auno</span> <span class='ocrx_word' id='word_1_245' title='bbox 379 3047 456 3114; x_wconf 84' lang='lat' dir='ltr'>obiit</span> <span class='ocrx_word' id='word_1_246' title='bbox 477 3050 628 3117; x_wconf 81' lang='lat' dir='ltr'>Robertus</span> <span class='ocrx_word' id='word_1_247' title='bbox 650 3050 736 3115; x_wconf 86' lang='lat' dir='ltr'>Prior</span> <span class='ocrx_word' id='word_1_248' title='bbox 758 3042 885 3125; x_wconf 78' lang='lat' dir='ltr'>Periere,</span> <span class='ocrx_word' id='word_1_249' title='bbox 912 3051 961 3111; x_wconf 87' lang='lat' dir='ltr'>cui</span> <span class='ocrx_word' id='word_1_250' title='bbox 982 3044 1110 3113; x_wconf 75' lang='lat' dir='ltr'>succelltt</span> 
     </span>
     <span class='ocr_line' id='line_1_34' title="bbox 92 3141 928 3202; baseline -0.007 -1"><span class='ocrx_word' id='word_1_251' title='bbox 92 3141 255 3202; x_wconf 80' lang='lat' dir='ltr'>Waltetus.</span> <span class='ocrx_word' id='word_1_252' title='bbox 431 3155 434 3160; x_wconf 85' lang='lat'><em>·</em></span> <span class='ocrx_word' id='word_1_253' title='bbox 924 3186 928 3195; x_wconf 94' lang='lat'>.</span> 
     </span>
    </p>

    <p class='ocr_par' dir='ltr' id='par_1_11' title="bbox 89 3216 1251 3386">
     <span class='ocr_line' id='line_1_35' title="bbox 135 3216 1251 3309; baseline 0.002 -22"><span class='ocrx_word' id='word_1_254' title='bbox 135 3226 225 3287; x_wconf 75' lang='lat' dir='ltr'>Auno</span> <span class='ocrx_word' id='word_1_255' title='bbox 242 3228 284 3289; x_wconf 88' lang='lat' dir='ltr'>D.</span> <span class='ocrx_word' id='word_1_256' title='bbox 302 3244 341 3291; x_wconf 89' lang='lat'>12</span> <span class='ocrx_word' id='word_1_257' title='bbox 345 3242 397 3308; x_wconf 81' lang='lat'>59.</span> <span class='ocrx_word' id='word_1_258' title='bbox 420 3224 573 3289; x_wconf 79' lang='lat' dir='ltr'>walterus</span> <span class='ocrx_word' id='word_1_259' title='bbox 596 3224 680 3287; x_wconf 89' lang='lat' dir='ltr'>Prior</span> <span class='ocrx_word' id='word_1_260' title='bbox 700 3216 823 3287; x_wconf 86' lang='lat' dir='ltr'>Petsore·</span> <span class='ocrx_word' id='word_1_261' title='bbox 842 3224 928 3287; x_wconf 85' lang='lat' dir='ltr'>obiit.</span> <span class='ocrx_word' id='word_1_262' title='bbox 971 3222 1112 3289; x_wconf 82' lang='lat' dir='ltr'>succefflt</span> <span class='ocrx_word' id='word_1_263' title='bbox 1248 3305 1251 3309; x_wconf 88' lang='lat'>.</span> 
     </span>
     <span class='ocr_line' id='line_1_36' title="bbox 89 3311 853 3386; baseline -0.004 -9"><span class='ocrx_word' id='word_1_264' title='bbox 89 3311 265 3377; x_wconf 85' lang='lat' dir='ltr'>Galfredus.</span> <span class='ocrx_word' id='word_1_265' title='bbox 848 3371 853 3386; x_wconf 85' lang='grc'>,</span> 
     </span>
    </p>

    <p class='ocr_par' dir='ltr' id='par_1_12' title="bbox 134 3395 896 3465">
     <span class='ocr_line' id='line_1_37' title="bbox 134 3395 896 3465; baseline 0 -1"><span class='ocrx_word' id='word_1_266' title='bbox 134 3401 255 3465; x_wconf 87' lang='lat' dir='ltr'>Eodem</span> <span class='ocrx_word' id='word_1_267' title='bbox 266 3419 348 3463; x_wconf 83' lang='lat' dir='ltr'>auno</span> <span class='ocrx_word' id='word_1_268' title='bbox 362 3396 455 3463; x_wconf 87' lang='lat' dir='ltr'>frater</span> <span class='ocrx_word' id='word_1_269' title='bbox 467 3399 617 3463; x_wconf 81' lang='lat' dir='ltr'>Robertus</span> <span class='ocrx_word' id='word_1_270' title='bbox 630 3395 796 3463; x_wconf 81' lang='lat' dir='ltr'>Flanistede</span> <span class='ocrx_word' id='word_1_271' title='bbox 809 3399 896 3464; x_wconf 90' lang='lat' dir='ltr'>obiit.</span> 
     </span>
    </p>

    <p class='ocr_par' dir='ltr' id='par_1_13' title="bbox 84 3480 1201 4426">
     <span class='ocr_line' id='line_1_38' title="bbox 136 3480 1106 3569; baseline -0.001 -18"><span class='ocrx_word' id='word_1_272' title='bbox 136 3488 252 3551; x_wconf 88' lang='lat' dir='ltr'>Eodem</span> <span class='ocrx_word' id='word_1_273' title='bbox 267 3508 348 3551; x_wconf 87' lang='lat' dir='ltr'>anuo</span> <span class='ocrx_word' id='word_1_274' title='bbox 372 3485 522 3549; x_wconf 79' lang='lat' dir='ltr'>walterus</span> <span class='ocrx_word' id='word_1_275' title='bbox 544 3486 583 3549; x_wconf 88' lang='lat' dir='ltr'>de</span> <span class='ocrx_word' id='word_1_276' title='bbox 603 3489 729 3569; x_wconf 88' lang='lat' dir='ltr'>Scoteuy</span> <span class='ocrx_word' id='word_1_277' title='bbox 745 3486 838 3563; x_wconf 85' lang='lat' dir='ltr'>miles,</span> <span class='ocrx_word' id='word_1_278' title='bbox 861 3480 1030 3549; x_wconf 82' lang='lat' dir='ltr'>senescallus</span> <span class='ocrx_word' id='word_1_279' title='bbox 1051 3488 1106 3565; x_wconf 69' lang='lat' dir='ltr'>tti-</span> 
     </span>
     <span class='ocr_line' id='line_1_39' title="bbox 84 3568 1105 3656; baseline -0.003 -14"><span class='ocrx_word' id='word_1_280' title='bbox 84 3572 194 3642; x_wconf 84' lang='lat' dir='ltr'>&#39;cbardi</span> <span class='ocrx_word' id='word_1_281' title='bbox 215 3576 332 3639; x_wconf 84' lang='lat' dir='ltr'>comitis</span> <span class='ocrx_word' id='word_1_282' title='bbox 354 3574 495 3637; x_wconf 78' lang='lat' dir='ltr'>Glorerru</span> <span class='ocrx_word' id='word_1_283' title='bbox 521 3594 670 3656; x_wconf 82' lang='lat' dir='ltr'>equorum</span> <span class='ocrx_word' id='word_1_284' title='bbox 694 3570 884 3638; x_wconf 74' lang='lat' dir='ltr'>distraslione</span> <span class='ocrx_word' id='word_1_285' title='bbox 908 3568 1052 3648; x_wconf 76' lang='lat' dir='ltr'>coadsus,</span> <span class='ocrx_word' id='word_1_286' title='bbox 1074 3576 1105 3639; x_wconf 84' lang='lat'>&amp;</span> 
     </span>
     <span class='ocr_line' id='line_1_40' title="bbox 90 3659 1103 3748; baseline 0.001 -23"><span class='ocrx_word' id='word_1_287' title='bbox 90 3662 284 3748; x_wconf 81' lang='lat' dir='ltr'>postmodum</span> <span class='ocrx_word' id='word_1_288' title='bbox 297 3661 432 3745; x_wconf 78' lang='lat' dir='ltr'>patibulo</span> <span class='ocrx_word' id='word_1_289' title='bbox 447 3659 605 3744; x_wconf 85' lang='lat' dir='ltr'>suspensus,</span> <span class='ocrx_word' id='word_1_290' title='bbox 629 3662 717 3745; x_wconf 84' lang='lat' dir='ltr'>petiit</span> <span class='ocrx_word' id='word_1_291' title='bbox 727 3665 864 3725; x_wconf 84' lang='lat' dir='ltr'>Wiuton:</span> <span class='ocrx_word' id='word_1_292' title='bbox 880 3680 935 3745; x_wconf 88' lang='lat' dir='ltr'>pto</span> <span class='ocrx_word' id='word_1_293' title='bbox 948 3675 1044 3725; x_wconf 83' lang='lat' dir='ltr'>morte</span> <span class='ocrx_word' id='word_1_294' title='bbox 1061 3662 1103 3726; x_wconf 90' lang='lat' dir='ltr'>D.</span> 
     </span>
     <span class='ocr_line' id='line_1_41' title="bbox 88 3744 1105 3833; baseline -0.004 -16"><span class='ocrx_word' id='word_1_295' title='bbox 88 3751 179 3817; x_wconf 74' lang='lat' dir='ltr'>Gula·</span> <span class='ocrx_word' id='word_1_296' title='bbox 192 3750 230 3813; x_wconf 80' lang='lat' dir='ltr'>de</span> <span class='ocrx_word' id='word_1_297' title='bbox 242 3751 341 3825; x_wconf 83' lang='lat' dir='ltr'>Clare,</span> <span class='ocrx_word' id='word_1_298' title='bbox 362 3748 461 3813; x_wconf 77' lang='lat' dir='ltr'>fratris</span> <span class='ocrx_word' id='word_1_299' title='bbox 475 3750 552 3826; x_wconf 65' lang='lat' dir='ltr'>dieti,</span> <span class='ocrx_word' id='word_1_300' title='bbox 564 3748 690 3825; x_wconf 88' lang='lat' dir='ltr'>comitis,</span> <span class='ocrx_word' id='word_1_301' title='bbox 713 3768 804 3833; x_wconf 83' lang='lat' dir='ltr'>quern</span> <span class='ocrx_word' id='word_1_302' title='bbox 828 3760 943 3813; x_wconf 74' lang='lat' dir='ltr'>veneno</span> <span class='ocrx_word' id='word_1_303' title='bbox 963 3744 1105 3833; x_wconf 83' lang='lat' dir='ltr'>perdidit,</span> 
     </span>
     <span class='ocr_line' id='line_1_42' title="bbox 89 3832 1108 3921; baseline -0.002 -20"><span class='ocrx_word' id='word_1_304' title='bbox 89 3855 126 3902; x_wconf 87' lang='lat' dir='ltr'>ut</span> <span class='ocrx_word' id='word_1_305' title='bbox 139 3838 306 3902; x_wconf 83' lang='lat' dir='ltr'>dicebatur.</span> <span class='ocrx_word' id='word_1_306' title='bbox 330 3839 439 3902; x_wconf 75' lang='lat' dir='ltr'>Comes</span> <span class='ocrx_word' id='word_1_307' title='bbox 449 3836 541 3901; x_wconf 86' lang='lat' dir='ltr'>etiam</span> <span class='ocrx_word' id='word_1_308' title='bbox 551 3832 623 3919; x_wconf 84' lang='lat' dir='ltr'>ipse,</span> <span class='ocrx_word' id='word_1_309' title='bbox 635 3836 665 3899; x_wconf 77' lang='lat' dir='ltr'>br</span> <span class='ocrx_word' id='word_1_310' title='bbox 678 3837 803 3921; x_wconf 86' lang='lat' dir='ltr'>quidam</span> <span class='ocrx_word' id='word_1_311' title='bbox 812 3836 861 3899; x_wconf 89' lang='lat' dir='ltr'>alii</span> <span class='ocrx_word' id='word_1_312' title='bbox 872 3834 910 3899; x_wconf 91' lang='lat' dir='ltr'>ad</span> <span class='ocrx_word' id='word_1_313' title='bbox 919 3836 1108 3917; x_wconf 77' lang='lat' dir='ltr'>jentaculum</span> 
     </span>
     <span class='ocr_line' id='line_1_43' title="bbox 91 3922 1109 4007; baseline -0.005 -15"><span class='ocrx_word' id='word_1_314' title='bbox 91 3925 144 3992; x_wconf 58' lang='lat' dir='ltr'>Di.</span> <span class='ocrx_word' id='word_1_315' title='bbox 160 3926 302 3989; x_wconf 83' lang='lat' dir='ltr'>Edvratdi</span> <span class='ocrx_word' id='word_1_316' title='bbox 314 3941 395 4000; x_wconf 84' lang='lat' dir='ltr'>tunc,</span> <span class='ocrx_word' id='word_1_317' title='bbox 418 3926 588 4007; x_wconf 87' lang='lat' dir='ltr'>proditioue</span> <span class='ocrx_word' id='word_1_318' title='bbox 598 3923 637 3987; x_wconf 90' lang='lat' dir='ltr'>ab</span> <span class='ocrx_word' id='word_1_319' title='bbox 646 3922 738 4007; x_wconf 85' lang='lat' dir='ltr'>Angl:</span> <span class='ocrx_word' id='word_1_320' title='bbox 750 3923 950 3999; x_wconf 77' lang='lat' dir='ltr'>exularetum,</span> <span class='ocrx_word' id='word_1_321' title='bbox 962 3942 1109 3987; x_wconf 70' lang='lat' dir='ltr'>venatum</span> 
     </span>
     <span class='ocr_line' id='line_1_44' title="bbox 90 4009 1107 4093; baseline -0.006 -16"><span class='ocrx_word' id='word_1_322' title='bbox 90 4009 262 4077; x_wconf 81' lang='lat' dir='ltr'>hauserunt.</span> <span class='ocrx_word' id='word_1_323' title='bbox 288 4017 345 4076; x_wconf 80' lang='lat' dir='ltr'>seu</span> <span class='ocrx_word' id='word_1_324' title='bbox 365 4012 478 4086; x_wconf 84' lang='lat' dir='ltr'>consul,</span> <span class='ocrx_word' id='word_1_325' title='bbox 500 4011 588 4075; x_wconf 88' lang='lat' dir='ltr'>celeri</span> <span class='ocrx_word' id='word_1_326' title='bbox 602 4014 736 4075; x_wconf 78' lang='lat' dir='ltr'>munitus</span> <span class='ocrx_word' id='word_1_327' title='bbox 754 4010 921 4093; x_wconf 86' lang='lat' dir='ltr'>juvamine,</span> <span class='ocrx_word' id='word_1_328' title='bbox 944 4012 1107 4076; x_wconf 79' lang='lat' dir='ltr'>convaluit.</span> 
     </span>
     <span class='ocr_line' id='line_1_45' title="bbox 89 4094 1201 4189; baseline 0 -24"><span class='ocrx_word' id='word_1_329' title='bbox 89 4103 156 4165; x_wconf 86' lang='lat' dir='ltr'>Hoc</span> <span class='ocrx_word' id='word_1_330' title='bbox 175 4119 253 4163; x_wconf 87' lang='lat' dir='ltr'>anno</span> <span class='ocrx_word' id='word_1_331' title='bbox 266 4102 423 4163; x_wconf 85' lang='lat' dir='ltr'>Eduardus</span> <span class='ocrx_word' id='word_1_332' title='bbox 439 4099 574 4181; x_wconf 83' lang='lat' dir='ltr'>princeps</span> <span class='ocrx_word' id='word_1_333' title='bbox 587 4099 681 4161; x_wconf 85' lang='lat' dir='ltr'>adivit</span> <span class='ocrx_word' id='word_1_334' title='bbox 695 4098 811 4189; x_wconf 60' lang='lat' dir='ltr'>Btlssol</span> <span class='ocrx_word' id='word_1_335' title='bbox 834 4096 1012 4162; x_wconf 83' lang='lat' dir='ltr'>&amp;custodes</span> <span class='ocrx_word' id='word_1_336' title='bbox 1024 4094 1110 4165; x_wconf 80' lang='lat' dir='ltr'>castri</span> <span class='ocrx_word' id='word_1_337' title='bbox 1194 4150 1201 4169; x_wconf 49' lang='lat' dir='ltr'>t</span> 
     </span>
     <span class='ocr_line' id='line_1_46' title="bbox 87 4183 1110 4272; baseline -0.003 -22"><span class='ocrx_word' id='word_1_338' title='bbox 87 4190 142 4272; x_wconf 86' lang='lat' dir='ltr'>qui</span> <span class='ocrx_word' id='word_1_339' title='bbox 158 4192 283 4263; x_wconf 84' lang='lat' dir='ltr'>inerant,</span> <span class='ocrx_word' id='word_1_340' title='bbox 298 4186 426 4251; x_wconf 87' lang='lat' dir='ltr'>Roberti</span> <span class='ocrx_word' id='word_1_341' title='bbox 436 4186 607 4250; x_wconf 83' lang='lat' dir='ltr'>Waleraudi</span> <span class='ocrx_word' id='word_1_342' title='bbox 621 4183 789 4260; x_wconf 87' lang='lat' dir='ltr'>familiares,</span> <span class='ocrx_word' id='word_1_343' title='bbox 806 4187 843 4249; x_wconf 88' lang='lat' dir='ltr'>ad</span> <span class='ocrx_word' id='word_1_344' title='bbox 855 4186 1019 4250; x_wconf 83' lang='lat' dir='ltr'>custodiam</span> <span class='ocrx_word' id='word_1_345' title='bbox 1029 4184 1110 4247; x_wconf 88' lang='lat' dir='ltr'>illius</span> 
     </span>
     <span class='ocr_line' id='line_1_47' title="bbox 90 4274 1110 4426; baseline -0.003 -86"><span class='ocrx_word' id='word_1_346' title='bbox 90 4274 177 4341; x_wconf 79' lang='lat' dir='ltr'>castri</span> <span class='ocrx_word' id='word_1_347' title='bbox 190 4297 245 4362; x_wconf 83' lang='lat' dir='ltr'>per</span> <span class='ocrx_word' id='word_1_348' title='bbox 258 4276 404 4343; x_wconf 83' lang='lat' dir='ltr'>comitem</span> <span class='ocrx_word' id='word_1_349' title='bbox 413 4277 560 4426; x_wconf 64' lang='lat' dir='ltr'>010er</span> <span class='ocrx_word' id='word_1_350' title='bbox 574 4274 610 4426; x_wconf 59' lang='grc' dir='ltr'>ξι</span> <span class='ocrx_word' id='word_1_351' title='bbox 623 4277 827 4341; x_wconf 80' lang='lat' dir='ltr'>eommumam</span> <span class='ocrx_word' id='word_1_352' title='bbox 842 4288 925 4341; x_wconf 81' lang='lat' dir='ltr'>tertae</span> <span class='ocrx_word' id='word_1_353' title='bbox 939 4274 1110 4361; x_wconf 82' lang='lat' dir='ltr'>deputatos,</span> 
     </span>
    </p>

    <p class='ocr_par' dir='ltr' id='par_1_14' title="bbox 79 4376 1134 4433">
     <span class='ocr_line' id='line_1_48' title="bbox 79 4376 1134 4433; baseline 0.003 -3"><span class='ocrx_word' id='word_1_354' title='bbox 79 4381 87 4395; x_wconf 88' lang='grc'><strong><em>’</em></strong></span> <span class='ocrx_word' id='word_1_355' title='bbox 617 4380 636 4430; x_wconf 88' lang='lat'><em>2</em></span> <span class='ocrx_word' id='word_1_356' title='bbox 1024 4376 1111 4429; x_wconf 51' lang='lat' dir='ltr'>Cillis}</span> <span class='ocrx_word' id='word_1_357' title='bbox 1131 4422 1134 4433; x_wconf 91' lang='lat'>.</span> 
     </span>
    </p>
   </div>
   <div class='ocr_carea' id='block_1_5' title="bbox 0 0 1475 4900">
    <p class='ocr_par' dir='ltr' id='par_1_15' title="bbox 0 0 1475 4900">
     <span class='ocr_line' id='line_1_49' title="bbox 0 0 1475 4900; baseline 0 0"><span class='ocrx_word' id='word_1_358' title='bbox 0 0 1475 4900; x_wconf 95' lang='lat' dir='ltr'> </span> 
     </span>
    </p>
   </div>
  </div>
 </body>
</html>
