2934 4900
251 267 1011 368 aomoutsfaanvnrto.
1147 305 1298 363 xxxva

126 430 129 434 ’
160 424 377 508 Ramember
395 425 449 506 his
467 424 605 504 ttondit
617 424 701 504 that
706 427 780 532 for
797 427 859 508 the
876 427 948 510 did
946 429 1091 538 finart

162 540 286 644 Gotyn
305 536 554 646 toithoutsyn,
584 536 664 615 and
680 564 723 616 an
740 566 766 616 a
785 538 919 646 virgin
936 539 1042 624 born.
1158 566 1160 569 ·

159 650 227 730 At
241 649 297 728 bis
315 647 385 730 hed
392 647 522 756 percid
535 647 631 728 with
648 676 672 724 a
693 676 818 728 croton
841 649 891 756 of
898 650 1040 760 thorns,

161 758 289 842 Atat!
317 753 403 838 man
420 759 480 866 thy
494 765 584 838 hart
600 757 683 864 oght
697 773 732 836 to
750 758 878 864 brest
861 789 903 838 tn
914 750 1020 865 too.

160 871 308 952 Berna'r
301 871 366 998 of
382 869 442 949 the
460 869 558 978 dtvyl
570 871 674 950 when
694 868 892 950 halbaren
909 851 967 954 his
988 867 1089 965 horn,

161 981 258 1066 And
267 1000 364 1092 prny
382 981 442 1090 thy
458 983 561 1089 gode
567 979 703 1088 mgr!
717 1007 844 1085 convey
864 981 939 1116 tha

105 1441 331 1513 musortvs,
360 1421 503 1516 secum
507 1421 572 1498 Ox
600 1396 708 1512 dium
736 1415 886 1516 advexit
916 1419 1050 1499 celtim
1072 1443 1140 1495 an·
1119 1345 1241 1444 ml
1241 1408 1285 1442 ¹¹⁹⁰

103 1531 267 1636 tiquum
286 1525 526 1639 Romanum,
591 1530 736 1652 titique
746 1531 883 1614 obtulit
901 1531 1056 1610 nomine
1073 1526 1144 1610 viri

102 1644 261 1752 egregie
278 1643 381 1724 dotti
399 1645 439 1724 δι
459 1620 545 1725 lum
590 1671 629 1720 e
620 1618 786 1729 colendi
806 1645 992 1749 Jontvrus
1016 1638 1142 1720 HAR-

109 1779 285 1847 woomt,
312 1753 440 1846 LDo
481 1753 582 1834 oris
578 1751 713 1839 Hoc
732 1772 1031 1834 monumentum
1049 1781 1142 1833 nac·

106 1882 176 1945 tus
208 1893 301 1946 cum
331 1867 427 1947 celte
500 1836 663 1948 horlelbe
633 1877 754 1978 rano,
777 1866 840 1949 de
872 1892 950 1971 quo
978 1868 1026 1944 ad
1060 1865 1170 1951 cal.-

107 2006 202 2058 cem
220 1978 472 2058 Voluminis
460 1973 601 2084 {primi
592 1959 709 2058 ltiri.
722 1929 896 2072 L’elandi,
924 1979 1027 2067 illico
1045 2005 1140 2056 con-

107 2090 265 2186 tuli&
284 2091 331 2170 ab
359 2119 406 2170 eo
432 2089 620 2172 diversum
650 2087 722 2168 effe
743 2089 911 2196 persenti.
968 2088 1141 2168 Nullum

109 2200 253 2282 scilicet
271 2201 386 2283 habet
403 2187 594 2293 foramen,
618 2203 675 2280 uti
703 2229 775 2280 nec
801 2230 934 2282 aurem
968 2229 1045 2306 qua
1068 2201 1142 2280 five

110 2310 241 2408 filum,
271 2315 345 2394 five
370 2314 568 2394 metallum
600 2332 746 2410 netum,
776 2315 848 2392 de
856 2341 951 2427 quo
974 2313 1142 2418 loquitur

111 2421 537 2523 cl.R1annusoNus‚
561 2425 828 2505 annedtetetut.
856 2412 1064 2529 Utrinque
1085 2443 1162 2503 ta-v

111 2566 209 2621 mett
228 2538 282 2617 est
306 2540 516 2620 concavitas
532 2528 740 2667 quadam,
770 2564 862 2640 quae
882 2538 1142 2635 manubrium,

112 2650 255 2731 hunc
243 2678 285 2731 tn
316 2650 447 2743 finem,
487 2651 555 2730 uti·
581 2648 756 2757 conjicio,
787 2649 836 2727 ad
862 2650 1145 2734 extremitatem

112 2761 258 2855 filium,
287 2762 582 2859 admitteretur
605 2760 787 2840 mallei
751 2788 791 2838 vt
815 2763 880 2839 seu
899 2760 1062 2867 lapidem
1081 2762 1145 2839 seu

113 2874 269 2983 lignum
288 2862 432 2957 facilius
458 2824 744 2982 eripeditiusque
760 2872 952 2954 scinderet.
1011 2874 1146 2977 ltaque

115 2985 274 3067 nonest
306 3015 374 3067 cut
400 2985 632 3071 esecuribus
663 2979 877 3099 hujusmodi
898 2984 1147 3064 instrumenta
1191 3032 1195 3042 ·
1262 2980 1266 2989 ’

117 3095 227 3177 fuisse
246 3126 340 3179 cum
354 3100 434 3179 viro
448 3096 681 3178 dottiffimo
675 3014 921 3205 luspicemur
955 3096 1028 3173 Sed
1047 3123 1146 3202 qua·
1152 3130 1156 3139 ·

115 3202 258 3293 listram¹
277 3196 438 3291 demum
456 3208 560 3299 celtis
580 3209 622 3287 stt
634 3190 951 3287 Harwoodianus
973 3225 1017 3285 ut
1034 3207 1150 3286 intel·

119 3320 256 3429 ligatur
300 3350 421 3430 operae
452 3320 624 3433 pretium
662 3296 765 3399 el’t
753 3347 793 3400 tn
841 3322 1014 3399 medium
1055 3346 1149 3427 pro·

122 3432 230 3527 ferre,
269 3416 555 3571 lectoremque
569 3424 726 3523 monere
770 3460 834 3511 me
860 3432 966 3512 nulla
997 3430 1080 3510 alia
1100 3429 1149 3508 de

123 3540 281 3625 cauffa
264 3572 287 3621 a
306 3540 832 3647 thuaumqtsffidilsentire‚
864 3544 935 3622 nili
953 3543 1057 3645 quod
1079 3570 1147 3621 ve-

125 3655 277 3737 ritatem
298 3656 378 3737 aliis
412 3656 720 3768 quibuscunque
731 3655 910 3737 amicitiis
938 3652 1149 3735 anteferen-

128 3767 219 3871 dam
238 3766 310 3893 effe
329 3772 513 3897 censeam
571 3788 603 3890 ⁴,
