2934 4900
158 218 983 331 Androuhniidohinchnuin.
1152 229 1217 307 iii

106 375 299 453 Miiesridus,
324 397 378 440 rex
399 373 594 452 Merciorum,
617 377 745 460 cognitis
770 372 936 440 Ethelb'erti
951 375 1027 460 regis
1042 373 1096 436 mi·
1107 371 1165 486 Pup
1177 389 1235 450 ²3¹--

61 465 196 539 rnculis,
220 472 394 547 qumquam
417 467 447 528 in
465 467 584 528 remotis
609 467 693 548 regni
717 462 760 527 sui
775 465 909 546 partibus
931 479 1002 526 tunc
1026 438 1246 554 reinssffindm

61 558 151 637 poris
167 568 282 635 ageret,
307 550 464 615 transmissi
478 546 517 614 ad
537 553 637 614 iocum
651 553 782 614 eundem
799 555 923 636 pecunia
939 551 1032 613 muira
1050 570 1096 614 ec·
1106 567 1186 635 palus.

58 640 190 702 clefiam
213 642 363 722 egregiam
387 639 501 723 lapidea
525 639 672 701 struiiiira
688 637 719 702 in
737 635 878 702 honorer'n
900 640 1038 722 martyris
1052 639 1097 700 in·

62 730 150 810 cepit
178 727 208 790 ἀ
229 727 362 810 perfecit,
387 730 417 791 u
432 733 461 792 in
477 728 582 790 eodem
604 730 671 789 loco
697 729 812 809 primus
832 739 939 810 regum
961 726 1098 806 omnium

66 814 251 897 episcopum
265 814 447 879 constituens
462 815 610 880 ecclefiam
634 815 795 878 cathedrali
823 813 937 878 bonore
959 813 1100 878 sublima·

70 903 132 974 vit,
157 921 253 984 quam
272 905 355 965 terris
376 906 519 986 plurimis,
552 903 646 988 palliis
669 901 849 976 holosericis,
870 903 1100 966 &ornamentis

65 992 214 1074 egregiis,
236 993 329 1074 regia,
353 995 456 1074 quoad
480 994 564 1069 vixit,
587 992 792 1058 munificentia
809 991 910 1056 ‚ditare
929 991 1052 1074 quidem
1069 987 1112 1052 δι’

63 1077 179 1142 ¹dotare
195 1099 256 1140 non
273 1080 399 1144 cessavit.
696 1074 702 1092 ⁹

109 1164 297 1229 Edmundus
316 1188 369 1230 rex
383 1165 589 1250 Esianglorum
602 1167 681 1251 apud
697 1166 770 1251 Byri
784 1170 953 1231 coronbtus.
1081 1221 1085 1235 .

109 1255 235 1318 Biriuus
257 1252 406 1336 apostolus
421 1252 634 1319 Gewiiseorum
656 1258 753 1340 primo
773 1253 905 1338 sepultus
921 1250 1002 1336 apud
1018 1251 1099 1314 Dor'·

63 1340 183 1406 cestre:
207 1342 313 1405 deinde
331 1358 465 1424 tempore
488 1340 602 1408 Hedde
628 1342 754 1430 episcopi
777 1341 934 1408 transsatis
958 1337 999 1403 est
1017 1343 1096 1403 Ven-

71 1443 149 1504 tam,
177 1420 207 1490 id
224 1427 277 1504 est,
297 1429 493 1497 Winchestre.
1079 1487 1084 1499 .

110 1517 301 1580 Theodorus
327 1517 564 1603 archiepiscopus
580 1519 818 1586 Dorobernensis
844 1515 957 1602 scripsit
985 1509 1100 1580 librum

69 1606 120 1671 cui
138 1605 248 1667 titulus
263 1606 477 1670 Pbeuirentiaie.

111 1696 169 1756 Ine
188 1712 241 1754 rex
253 1692 395 1758 Westsax:
410 1694 534 1760 consilio
547 1694 690 1760 Aidelmi
705 1691 998 1780 episcopimonaster:
1015 1686 1100 1755 Gias·

66 1777 209 1844 coniense
230 1779 405 1856 construxit,
429 1785 513 1866 qnod
530 1782 679 1867 splendide
704 1783 822 1846 duravit
847 1782 941 1866 usque
966 1781 1004 1843 ad
1026 1796 1100 1842 tem·

69 1875 145 1952 'pora
162 1868 321 1932 Danorum
338 1871 442 1932 diebus
454 1870 591 1936 Aluredi.
637 1873 677 1934 Et
692 1869 790 1954 postea
806 1888 939 1952 tempore
951 1863 1102 1933 Duniiani

70 1975 164 2038 opera
182 1977 290 2041 regum
306 1958 458 2021 Edmundi
474 1959 628 2044 &Edgiri
642 1960 787 2023 refloruit.
832 1957 898 2022 Hoc
910 1950 1102 2020 monostemi

70 2057 210 2125 tempore
234 2046 379 2108 adventus
404 2049 650 2111 Normannorurn
667 2045 698 2111 in
719 2045 864 2130 Angiiam
878 2043 991 2128 semper
1018 2041 1102 2125 pessi·
1170 2092 1175 2099 .
1220 2099 1224 2108 ,
1269 2043 1271 2055 “

18 2189 19 2193 ,
69 2133 126 2196 mis
143 2130 307 2195 infraiium
320 2131 361 2197 esi
372 2133 535 2211 laboribus,
560 2136 722 2211 &abbates
740 2137 845 2198 habuit
859 2135 950 2198 elutos
962 2129 1102 2215 exemplo

73 2219 366 2285 Thursiiniabbatis
383 2238 517 2304 tempore
529 2224 604 2286 Gul:
621 2222 836 2307 conquestoris.

112 2311 170 2373 I'ne'
185 2315 238 2368 rei<
253 2305 398 2371 Wesssax:
415 2309 492 2392 leges
506 2310 653 2375 condidit.

111 2395 342 2480 Brightwoldus
354 2393 591 2482 archiepiscopus
601 2395 835 2463 Dorobernensis
847 2392 966 2479 sedebat
980 2393 1033 2477 37'.
1049 2393 1102 2457 ab·

72 2485 127 2549 bis.
178 2481 318 2546 Successit
337 2483 505 2547 Tadwinus

26 2628 32 2637 .
113 2574 212 2635 Anno
227 2571 361 2635 Cudredi
377 2571 455 2655 regis
471 2568 615 2635 Westsax:
632 2585 681 2657 90.
695 2572 803 2659 Kinrik
824 2571 903 2635 silius
921 2570 984 2649 ejus
1000 2591 1102 2633 armo·

73 2680 142 2725 rum
162 2658 264 2736 decus,
289 2659 452 2723 debellator
467 2659 609 2736 serarum,
628 2677 715 2725 aetate
731 2678 838 2738 tenera,
854 2656 904 2725 sed
919 2654 1010 2725 armis
1024 2679 1103 2737 acer,

73 2750 161 2811 anuis
180 2768 296 2829 parvus,
320 2744 369 2810 sed
384 2747 486 2831 vigore
501 2769 626 2833 maguus
637 2746 749 2813 occisus
763 2747 816 2812 est.
1110 2744 1112 2751 ⁴

118 2835 267 2899 Scribitur
283 2851 379 2899 tamen
394 2831 476 2919 quod
487 2836 610 2921 Pipinus
626 2855 680 2902 rex
695 2840 887 2912 Francorum,
905 2850 988 2919 pater
1002 2834 1104 2897 Caroli

74 2922 195 3006 Magni,
223 2920 345 2987 decreto
371 2925 522 2987 Zachariae
549 2945 630 3009 papae
657 2924 674 2987 d
703 2922 859 2989 Bonisacio
883 2919 1104 3007 archiepiscopo

74 3008 263 3093 Moguntino
278 3012 308 3074 in
323 3015 534 3095 imperatorem
553 3013 744 3095 ungebatur.-

120 3098 214 3173 reda,
239 3099 348 3163 Pendae
364 3100 453 3176 iilius,
476 3121 545 3163 cum
560 3097 617 3163 suis
640 3098 656 3164 ἐι
679 3105 815 3165 Finuano
829 3094 967 3183 episcopo
981 3098 1012 3159 in
1027 3098 1103 3173 vico,

78 3186 187 3269 quizad
204 3188 332 3249 Murum
344 3187 465 3266 dicitur,
488 3184 615 3252 distante
629 3209 677 3256 12.
688 3190 759 3273 pass:
776 3188 909 3252 millibus
924 3191 941 3251 d
955 3182 1032 3251 mari
1045 3188 1104 3253 ori·
1213 3254 1217 3263 ,

78 3273 182 3354 entali,
207 3273 376 3357 baptizatus
391 3273 443 3339 esi.

119 3360 301 3425 Alsridus&
314 3362 446 3427 Elsridus
461 3360 516 3440 filii
527 3361 619 3428 Oswii
632 3364 708 3450 regis
720 3364 1014 3443 Northumbrorum.
1114 3372 1171 3441 Peg.
1184 3374 1243 3437 auu]

121 3449 295 3513 Duwaidus
312 3450 388 3515 filius
403 3449 535 3515 Oswaidi
551 3454 636 3537 regis.

121 3537 251 3614 Elfleda,
275 3538 336 3601 filia
351 3536 431 3603 Oswi
447 3538 535 3624 regis,
558 3537 708 3603 monacha
722 3538 829 3602 effedia
843 3539 872 3601 in
890 3534 981 3601 insula
996 3534 1084 3602 cervi.

122 3624 241 3688 Eliieda
257 3624 412 3690 monaster:
437 3627 468 3691 in
486 3628 690 3691 Strenesbaich
705 3626 878 3711 construiio
893 3624 1003 3689 ibidem
1018 3626 1106 3702 obiit,

80 3710 134 3773 ubi
154 3733 208 3775 rex
222 3712 350 3790 Oswius,
375 3718 404 3778 dc
424 3732 517 3778 mater
541 3717 604 3796 ejus
629 3714 764 3790 Eansied,
788 3716 817 3777 n
843 3710 1001 3789 Adwinus,
1026 3730 1109 3797 pater

90 3801 193 3862 matris
206 3802 279 3881 ejus,
303 3805 403 3866 debite
417 3802 484 3867 sunt
498 3804 626 3866 humati.

126 3888 267 3971 Regnum
283 3891 465 3953 Australium
485 3894 670 3955 Merciorum
688 3891 728 3954 ab
743 3888 982 3975 Aquilonaribus
997 3888 1109 3951 Mercis

86 3991 140 4059 per
153 3975 264 4039 flumen
281 3980 318 4040 de
335 3982 448 4042 Trente
463 3977 635 4041 discretum.
754 4052 756 4061 .

129 4064 213 4125 Peda
229 4086 281 4128 rex
296 4064 481 4128 Austraiium
496 4069 681 4129 Merciorum
699 4062 716 4126 ὲ
740 4064 820 4129 dono
835 4062 925 4129 Oswii
950 4063 1025 4146 regis
1042 4082 1110 4146 pro·

87 4145 205 4215 ditione
222 4153 359 4238 conjugis
380 4151 440 4217 suae
463 4152 575 4217 occisus
592 4154 645 4218 esi.
689 4158 763 4239 Qo
784 4170 904 4217 mortuo
930 4154 1112 4215 Merciorum
1143 4216 1153 4228 ,

87 4253 158 4318 gens
174 4259 204 4319 3.
222 4243 306 4303 annis
319 4237 421 4305 Oswio
436 4243 497 4324 regi
513 4240 645 4322 subjedia
656 4241 726 4307 suit.

129 4327 304 4414 cuthburg,
327 4327 409 4399 soror
424 4331 611 4414 Cbineburg,
626 4348 696 4415 quae
710 4328 781 4403 data
796 4324 896 4397 fuerat¹
909 4322 1036 4409 Egirido
1050 4322 1115 4407 regi

477 4415 547 4483 Dd
570 4436 590 4486 2
947 4410 1116 4479 Nonium.-

1196 499 1234 551 re·
