2934 4900
261 3878 318 3943 rag.
328 3895 355 3931 ι.

561 256 868 336 Jonunrs
927 256 1248 323 nnnnnnr

403 392 525 465 Ceddae,
547 393 577 452 ἃ
591 392 634 453 ibi
649 391 801 453 inveniens
815 390 880 469 ejus
894 387 972 451 filios
985 404 1149 473 utrumqne
1167 388 1220 453 lua
1234 410 1325 454 manu
1341 392 1430 455 inter·

403 483 475 546 fecit
494 500 544 541 10.
557 480 623 541 Cal.
639 484 721 562 Aug.

448 567 620 630 Werbodns
632 567 766 648 maligno
779 580 931 646 correptus
949 560 1051 643 spiritu
1067 564 1155 627 obiit.

449 655 629 717 Ermeuildis
651 657 753 736 regina
775 673 903 735 corpora
923 653 1057 714 filiorum
1078 650 1201 717 snorum
1214 654 1248 717 in
1263 674 1325 717 nno
1339 652 1429 717 saxeo

405 743 589 827 sarcophago
602 743 748 803 condidit.

448 833 585 894 Processu
599 850 670 891 vero
684 828 826 911 temporis
842 828 1022 890 Ermenildis
1044 828 1205 893 venustiori
1224 850 1317 915 opere
1333 830 1426 894 dela·

406 922 528 1003 pidibns
541 918 692 980 ecclesium
706 918 820 979 ibidem
831 914 969 979 fabricari
981 914 1063 979 fecit.
1427 976 1432 987 ,

450 1006 616 1069 Multitudo
635 1007 834 1087 quaerentium
854 1004 1008 1079 dominnm
1032 1000 1184 1066 oonsnevit
1209 1005 1313 1068 locum
1339 1006 1421 1067 illum

405 1094 603 1177 frequentate,
627 1097 658 1154 br
672 1094 710 1153 ad
721 1091 880 1153 aedificium
893 1091 1008 1172 lapides
1021 1092 1094 1153 illuc
1107 1093 1277 1174 deportare,
1298 1096 1382 1157 unde
1401 1096 1427 1154 81

405 1185 491 1245 locus
504 1183 554 1245 ille
563 1180 666 1243 Stanes
679 1195 878 1271 nuncupatur,
901 1181 932 1239 id
946 1178 1000 1253 est,
1023 1180 1137 1261 lapides
1151 1181 1270 1245 Latine.

451 1270 565 1342 Cedda,
583 1266 744 1331 interseffis
758 1264 901 1328 ll'ulsado
915 1269 946 1329 u
960 1267 1083 1341 Rufino,
1106 1267 1145 1329 ad
1166 1285 1253 1329 vetus
1267 1270 1427 1332 oratorium

406 1358 437 1423 se
449 1375 634 1526 bqhtsrbhterus
647 1462 710 1516 rex,
732 1442 905 1523 poenitentia
915 1440 1035 1519 duston,
1047 1442 1212 1505 oratorium
1227 1444 1344 1507 Ceddae
1357 1464 1423 1507 con·

361 1520 368 1531 ’
406 1534 473 1595 lilio
486 1532 664 1594 Ermenildis
679 1534 776 1612 petiit.

452 1621 638 1701 ll'nlpherus
652 1639 706 1679 rex
718 1618 797 1678 vidit
815 1618 847 1680 in
866 1617 997 1682 oratorio
1009 1614 1132 1680 solarem
1144 1617 1264 1681 radium
1284 1615 1423 1681 sustineu-

409 1724 470 1771 tem
487 1705 578 1769 sacras
592 1706 705 1768 Ceddae
718 1704 821 1767 vester.

452 1795 636 1877 Wnlpherus
658 1792 757 1875 pollen
776 1790 863 1874 snper
879 1794 1009 1855 eundem
1032 1793 1151 1855 radium
1173 1792 1420 1857 chirothecam&

407 1885 564 1949 baltheum
578 1878 686 1963 posuit,
708 1900 778 1964 quae
793 1881 888 1943 statim
902 1882 1085 1942 ceciderunt.

451 1972 640 2053 ll'ulpherus
652 1968 723 2031 sana
736 1969 926 2029 idolorumin
945 1984 1011 2030 toto
1029 1989 1120 2051 regno
1137 1964 1190 2031 suo
1203 1968 1361 2044 destruxit,
1381 1990 1422 2031 cc-

408 2058 508 2123 clesias
527 2061 668 2140 congruis
682 2060 713 2117 iu
727 2057 798 2117 loeis
812 2058 956 2131 extruxit,
979 2056 1151 2117 monasteria
1173 2055 1330 2139 utriusque
1345 2056 1422 2119 sexus

407 2147 495 2229 plura
508 2148 538 2207 ἃ
554 2146 692 2228 praeclara
703 2144 862 2205 aedificarit
886 2159 922 2204 ae
941 2144 1050 2225 amplis
1076 2142 1295 2225 posseffionibus
1313 2148 1420 2216 ditavit,

406 2236 485 2297 iuter
497 2254 566 2315 quae
587 2233 664 2294 illud
683 2233 784 2293 nobile
794 2230 950 2292 monaster:
965 2232 1004 2292 de
1018 2229 1294 2312 Medelhurnpstede
1311 2235 1420 2316 praediis

405 2324 438 2385 ἃ
463 2316 681 2405 possessionibus
699 2320 817 2392 ditavit,
841 2318 927 2399 qnod
948 2318 989 2381 ob
1011 2315 1126 2380 facinus
1140 2321 1172 2380 iu
1188 2320 1267 2381 filios
1288 2316 1419 2382 commis·

405 2408 471 2474 sum
487 2409 649 2494 specialiter
660 2405 794 2472 sundalle
808 2407 991 2490 perhibetur,
1013 2406 1098 2489 quod
1111 2408 1202 2470 hodie
1212 2409 1417 2492 Peterlburge,

404 2502 437 2562 id
451 2499 505 2573 est,
526 2500 631 2560 civitas
643 2501 675 2558 S.
691 2498 782 2570 Petri,
805 2498 988 2557 nominatur.

446 2594 482 2650 In
497 2588 549 2650 illo
568 2602 668 2646 antem
681 2585 748 2646 loco
761 2583 908 2645 vocabulo
930 2586 1043 2658 stane,
1066 2583 1119 2645 ubi
1142 2603 1269 2666 corpora
1289 2581 1417 2645 trulfadi

403 2677 434 2736 ἃ
448 2675 554 2738 Rufini
575 2670 688 2754 sepulta
712 2670 793 2746 sunt,
816 2671 977 2754 collegium
998 2673 1210 2734 canonicorum
1223 2674 1366 2755 regular:
1381 2671 1439 2739 dia

401 2764 477 2824 vinis
490 2758 641 2842 obsequiis
655 2761 852 2840 mancipatur.

445 2853 626 2912 Procurator
638 2847 758 2928 collegii
767 2847 805 2907 de
816 2849 919 2907 Stanes
930 2848 1057 2906 Romam
1070 2848 1165 2928 petiit,
1182 2845 1319 2908 deserens
1330 2844 1416 2909 secum

401 2955 493 3018 caput
508 2941 539 3001 S.
554 2932 702 3008 ll'nlsarli,
716 2935 910 3015 obtinuitque
924 2932 1130 2996 ntll’ulsadus
1145 2937 1174 2995 ἃ
1190 2933 1321 2996 Rufinus
1334 2938 1364 2996 in
1377 2953 1416 2996 ca·

405 3028 508 3107 talogo
522 3021 701 3085 Sanctorum
715 3019 923 3083 scriberentur.
1437 3035 1438 3045 ¹

445 3115 626 3174 Procurator
637 3125 726 3191 caput
740 3113 772 3172 S.
790 3108 926 3170 ll'ulsarli
943 3109 1070 3171 Vtterbii
1092 3111 1123 3172 in
1142 3108 1266 3171 ecclelia
1288 3109 1321 3174 S.
1347 3111 1416 3170 Lau

401 3201 490 3262 rentii
503 3199 635 3281 reliquit.

486 3312 535 3370 Ex
546 3305 635 3368 libello
646 3303 766 3388 quodam
779 3305 886 3368 incerti
897 3305 1011 3366 ardoris
1025 3303 1062 3366 de
1079 3305 1166 3368 rebus
1179 3303 1200 3365 ἃ
1214 3308 1292 3370 viris
1309 3307 1340 3374 ό

671 3398 690 3432 *
699 3394 873 3473 seminibus
887 3393 1043 3470 usuaribus
1052 3395 1152 3477 gestis.

442 3500 545 3560 Frater
559 3495 727 3576 Wolpberii
741 3495 820 3576 regis
841 3494 1035 3558 Menwardns
1058 3516 1099 3558 ex
1121 3493 1341 3578 Ermeubnrga,
1363 3495 1413 3558 lilia

400 3585 582 3659 Ermenredi,
605 3582 705 3645 fratris
719 3582 927 3658 Eorkenberti‚
951 3583 1057 3645 habuit
1072 3585 1149 3644 filias
1162 3582 1276 3646 sancias
1288 3584 1412 3648 Wuldri·
1435 3629 1436 3656 r

397 3693 475 3746 cam,
515 3675 548 3734 ἀ
578 3672 777 3752 Milburgam.
834 3672 975 3754 Qarnm
1012 3673 1105 3750 prima
1140 3673 1171 3732 in
1209 3673 1350 3734 coenobio
1385 3674 1411 3732 S.

397 3757 560 3845 Augustini
573 3761 755 3829 Cantuariae,
776 3756 867 3818 alteru
882 3759 963 3838 apud
979 3758 1105 3820 Wenloc
1119 3755 1287 3839 requiescit.
1434 3767 1435 3774 ’

495 3867 547 3925 Ex
558 3863 632 3927 fibro
644 3864 778 3946 Hugonis
793 3859 924 3922 monachi
939 3861 1176 3945 Petrobrrrgenfis
1187 3861 1225 3923 de
1237 3863 1325 3926 rebus
1434 3937 1435 3946 χ

729 3949 818 4032 gestis
835 3955 856 4026 †
871 3951 1084 4033 Petroburgen.
1338 3962 1346 3981 ⁸

441 4037 494 4102 Est
502 4037 605 4102 nobile
617 4034 773 4101 monastert
796 4039 828 4098 in
837 4037 961 4119 regione
977 4036 1158 4170 (girviorum
1172 4036 1258 4121 qnod
1270 4037 1410 4124 qnondam

395 4188 659 4269 bledessumstede,
682 4209 765 4254 nuuc
777 4185 918 4252 consuete
932 4191 1027 4277 Burg,
1049 4203 1203 4258 vocatum.

639 4338 645 4343 ’
720 4345 794 4396 ⁸521.
858 4346 937 4414 με.

1315 4405 1406 4495 Gytrii
1432 4497 1433 4506 ἵ
