2934 4900
226 227 567 313 EDITORIS
615 227 1003 311 PRAEFATIO.
1060 242 1063 247 ’
1116 212 1118 231 '
1206 225 1281 309 xitt'

31 428 43 436 -
120 390 180 494 ‘§.
209 411 277 494 17:
290 385 360 465 Sed
386 413 456 465 nec
477 385 609 466 desunt
639 383 711 464 'asia
740 404 975 490 argumenta,
1006 437 1065 484 N„
1081 435 1164 486 m„
1185 434 1231 486 aa
1249 453 1288 488 η,

74 501 228 600 quibus
270 497 449 577 sententia
492 497 615 578 nostra
661 495 804 576 firmari
847 497 980 605 potest.
1008 502 1289 617 ffffggffiarfflffigg
1358 495 1362 501 ’

76 612 179 716 Jam
217 629 326 689 antea
353 610 606 690 indicavimus
642 628 811 716 pateram
856 605 877 685 ὲ
907 636 980 719 po·
1008 583 1290 714 firmarpotenirnus
1362 668 1370 688 .

77 721 219 816 tand0‚
261 748 348 830 pro*
369 723 610 827 quorundam
639 717 830 812 sententia,
872 718 980 799 fuisse
1008 698 1289 831 ifflffuoimffl

79 834 335 944 appellatam.
395 833 467 914 Sed
507 862 582 919 cur
612 831 699 911 inde
737 833 979 929 deducerent,
1009 828 1290 961 Qfftfflfflm‘

80 945 159 1026 nist
193 968 329 1058 paterae
366 945 542 1050 quaedam
569 945 836 1025 cantharorum
856 945 983 1023 forma
1009 960 1053 1074 psi
1075 978 1153 1040 suam,
1170 961 1290 1042 {icarios

80 1057 205 1137 fasta
222 1057 389 1146 fuissent,
427 1075 472 1136 ut
495 1086 541 1138 eo
572 1059 819 1162 commodius
845 1058 883 1135 in
910 1082 981 1166 po·
1008 1043 1084 1142 tais*
1102 1027 1292 1143 Jui‘iiirmcni'}
1343 1102 1356 1127 ι

84 1171 212 1249 tando
248 1171 466 1248 uterentur?
512 1173 631 1250 Reste
669 1171 827 1278 proinde
858 1181 987 1254 Δέπας
1012 1159 1292 1292 ξξὲξξζωξϋᾛζξ

85 1283 346 1362 Graecorumff
360 1281 543 1388 poculum
576 1282 635 1359 vel
665 1283 779 1364 etiam
817 1298 984 1390 pateram
1012 1289 1216 1406 {Quinum
1247 1303 1292 1356 n»

84 1412 248 1472 vertunt
308 1393 524 1502 interpretes
579 1421 751 1501 omnes„
790 1391 987 1474 Scholiasti
1105 1428 1116 1499 ss

86 1535 185 1585 vero
212 1505 377 1584 Homeri
402 1504 455 1582 est
490 1512 647 1614 ἔκπωμα
676 1504 749 1585 five
774 1515 978 1611 rosseleon
1016 1502 1124 1582 Hinc

88 1619 211 1696 etiarn
231 1634 356 1725 patera
374 1618 476 1724 apud
494 1615 677 1696 Plautum
698 1618 886 1725 poterium
904 1616 1024 1720 audit,
1054 1617 1127 1695 Sa·
1243 1627 1246 1631 ’

90 1729 203 1809 miolo
221 1728 351 1808 tamen
370 1756 462 1808 voce
487 1731 643 1837 adjesia,
674 1725 858 1830 quoniam
892 1726 913 1806 ὲ
942 1749 1036 1831 terra
1061 1729 1128 1805 Sa·
1181 1773 1183 1778 ·
1279 1750 1283 1757 ’

93 1844 178 1921 mia
202 1839 267 1947 (ad
286 1839 444 1947 sigusina
463 1844 645 1921 omnium
676 1839 878 1921 anctorum
906 1839 1129 1921 testimoniis

91 1953 304 2056 celebrata)
318 1951 526 2033 istiusmodi
547 1953 627 2032 vasa
645 1952 907 2044 conficiebant,
934 1979 1021 2059 quae
1040 1952 1131 2031 alibi

94 2084 296 2175 propterea
333 2063 417 2143 vasa
451 2065 584 2146 'Samia
618 2073 831 2171 nuncupat.
889 2066 1000 2172 Qid
1046 2067 1130 2145 Ro·
1172 2063 1182 2078 ⁸

95 2180 229 2259 bertus
245 2175 465 2284 Stephanus,
494 2179 531 2257 in
543 2178 840 2282 antiquitatibus,
862 2205 954 2257 cum
971 2178 1129 2281 Gracia,

96 2310 192 2369 tum
240 2289 440 2386 Romanis,
498 2287 772 2388 versatissimus,
830 2291 870 2368 dc
915 2287 1130 2384 limatioris,

97 2429 222 2509 quam
242 2401 435 2481 Hernicus
458 2401 570 2497 filius,
597 2395 760 2511 judicii?
804 2402 949 2481 Nonne
981 2403 1020 2479 bc
1054 2402 1131 2511 ipse

98 2535 274 2627 pateram
295 2533 402 2594 vocat
419 2514 633 2623 poculum?
665 2516 721 2594 Ita
755 2513 938 2624 profecto.
993 2514 1133 2594 Procul
1165 2583 1175 2600 ,

100 2628 223 2706 dubio
254 2626 306 2706 ob
339 2627 498 2707 eandem
531 2627 730 2707 rationem.
790 2628 902 2706 Adeo
933 2644 979 2703 ut
1003 2645 1134 2734 potera

95 2766 174 2850 -pro
199 2758 325 2845 patera
357 2738 450 2818 olim
484 2767 560 2819 non
597 2738 753 2819 absurde
787 2738 982 2847 legeretur.
1041 2740 1133 2819 Hoc

92 2846 376 2958 colligimus&
412 2850 725 2960 Leiricographis.¹
780 2852 826 2931 Id
853 2853 958 2957 quod
991 2850 1135 2929 viderat

104 2964 154 3051 cl.
183 2963 423 3043 Perraustius.
481 2966 564 3067 Qui
589 2964 749 3071 proinde
772 2964 937 3043 Vitruvii
965 2980 1133 3071 pateram
1156 3046 1159 3051 ,

103 3076 216 3156 vertit
244 3100 315 3153 une
348 3094 465 3185 coupe.
521 3077 718 3185 Interpreti
748 3104 835 3156 vero
863 3076 959 3156 Italo
988 3074 1042 3152 est
1059 3102 1135 3153 una

106 3204 274 3266 cratera.
331 3188 381 3267 Et
401 3185 556 3267 verfioni
576 3186 676 3267 favet
704 3188 917 3297 antiquitas.
973 3188 1136 3267 Craterae

106 3303 252 3409 quippe
279 3298 515 3379 vetutissima
546 3300 667 3407 longae
702 3301 954 3403 (nontamen
987 3298 1135 3407 prorsus
1195 3380 1199 3387 ,

107 3414 237 3517 resia)
259 3410 298 3489 br
329 3411 457 3518 paullo
478 3414 652 3492 arctiores
684 3431 803 3509 erant,
833 3434 876 3493 ut
904 3440 1047 3491 cornua
1067 3411 1136 3490 ali-

108 3543 294 3630 quatenus
313 3522 502 3619 referrent,
531 3526 670 3630 quibus
691 3526 800 3634 prisci
827 3526 1000 3635 primurn
1029 3540 1138 3633 pota-

109 3640 212 3733 bant,
243 3655 382 3716 utnon
411 3654 559 3715 tantum
588 3664 638 3715 ex*
663 3636 860 3732 Atheneo,
891 3664 1024 3716 verum
1042 3633 1065 3716 ὲ
1083 3631 1138 3714 la·
1237 3691 1239 3694 -

109 3750 199 3859 pide
208 3745 497 3829 Rhamnufiano
511 3750 700 3829 discimus.
719 3748 999 3843 Hincuaodoar,
1013 3747 1051 3825 id
1069 3747 1138 3850 est,
1194 3769 1203 3796 i

98 3879 322 3970 temperare
339 3861 473 3939 vinum
489 3888 598 3971 aqua,
619 3874 683 3948 Xan
704 3866 775 3944 sair
789 3840 959 3980 aapdiuv,
978 3859 1016 3937 id
1036 3856 1140 3956 eibi

113 3974 303 4062 cornibus,
319 3972 512 4051 deducunt
533 3975 598 4051 viri
618 3974 767 4054 eruditi.
810 3976 938 4077 Atque
957 3972 1039 4049 haec
1053 3998 1139 4049 cor·

115 4113 189 4183 nua
217 4110 295 4165 non
319 4084 442 4179 solum
463 4111 556 4169 auro
581 4088 621 4165 bc
654 4104 807 4194 argento
834 4103 974 4176 ornata,
1004 4082 1067 4161 sed
1098 4083 1140 4160 dc

970 4213 1143 4304 argentea

1084 913 1143 944 anus
1182 895 1290 945 limatio·
1344 930 1346 937 ι
