2934 4900
156 229 277 334 ,3115
337 263 345 278 ⁴
411 239 1269 335 DnP-'iioiiorioutuns&Pitaiumdi'n

337 379 473 460 baturu'i
488 391 659 476 possidebat,
684 389 733 454 seu
748 391 866 467 habere,
883 391 1041 474 percipere,
1058 392 1112 467 uti,
1135 389 1277 475 gaudere,
1297 383 1368 450 frui

337 484 367 544 is
383 469 527 564 possidere
540 481 630 542 debet
644 479 691 541 vel
705 479 835 542 deberet.
872 482 911 540 Et
925 481 985 542 hoc
998 477 1108 561 absque
1123 477 1366 561 perturbatione,

337 567 551 644 molestatione,
568 569 735 642 vexatione,
764 566 978 650 impedimento
1000 565 1046 629 vel
1067 567 1254 649 impetitione
1266 562 1381 628 nostri·

337 657 386 719 vel
411 654 566 729 heredum,
591 654 804 727 Successoium,
837 652 1055 718 Officiatiorum
1077 668 1131 716 ant
1152 652 1365 717 Ministrorum
1414 717 1418 725 ,

338 741 389 808 seu
404 745 531 807 alioruin
543 742 739 805 subditorum
751 741 920 805 nostrorum
931 761 1204 826 quorumcumque.
1221 745 1263 803 Et
1272 740 1368 807 etiam

311 833 315 846 '
337 828 451 915 absque
475 829 574 914 aliqua
597 851 697 913 poena,
719 830 926 912 deperditione
946 827 995 892 seu
1009 826 1198 893 sorissaiiura
1212 827 1371 891 occasione

339 918 552 1005 praemiss'orum
564 918 742 980 incutienda
750 918 796 979 uei
807 915 985 992 sustinenda,
997 917 1134 993 Statutis,
1146 911 1235 997 juras
1247 918 1277 978 u
1290 932 1368 978 con·

338 1005 546 1072 suetudinibus
574 1007 604 1066 iri
633 1005 815 1067 contrarium
843 1003 942 1068 forsan
973 1005 1063 1067 editis
1094 1003 1142 1068 vel
1169 1001 1369 1086 imposterum

321 1147 322 1152 ,
340 1095 472 1169 edendis,
488 1096 518 1156 u
532 1093 637 1156 ceteris
652 1090 872 1155 adversantibus
885 1091 1150 1155 nonobstantibus
1168 1086 1379 1176 quibuscum

340 1203 413 1266 que.
442 1175 584 1245 ¹Volentes
597 1197 694 1242 tamen
709 1181 793 1264 quod
805 1179 950 1242 beneficia
959 1178 1159 1243 Ecclesiastica
1173 1201 1226 1262 per
1235 1176 1370 1241 eundem

342 1271 510 1353 Johannem
525 1269 661 1350 Leysand
675 1270 830 1350 Juniorem
855 1267 998 1330 hasienus
1014 1268 1136 1331 obtenta
1152 1267 1200 1330 vel
1224 1263 1370 1349 imposte·

342 1378 411 1423 rum
432 1357 602 1430 obtinenda,
627 1358 658 1418 iii
672 1356 784 1438 quibus
797 1352 939 1438 obsequia
953 1354 1052 1417 divina
1067 1356 1097 1416 &
1118 1357 1284 1418 animarum
1308 1356 1370 1415 im·

343 1447 436 1510 minet
449 1465 530 1520 cura,
554 1441 662 1506 eisdem
677 1440 826 1526 obsequiis
852 1464 912 1505 nou
937 1438 1122 1518 fraudentur,
1145 1443 1241 1505 necin
1256 1436 1370 1504 eisdem

344 1537 364 1576 ²*
378 1523 546 1596 nuliatenus
559 1529 726 1615 negligatur
737 1551 820 1605 cura,
836 1528 885 1592 sed
894 1551 998 1593 eorum
1012 1551 1143 1614 congrue
1153 1527 1373 1613 supportentur

344 1632 435 1684 oiiera
449 1617 597 1683 consueta.
644 1621 760 1681 Damus
780 1620 868 1680 etiam
884 1617 982 1701 &per
996 1615 1150 1701 praesentes
1163 1615 1370 1690 concedimus,

341 1707 494 1771 tradimus
509 1706 768 1769 &committimus
789 1705 965 1781 custodiam,
987 1707 1230 1789 gubernationem
1254 1704 1285 1766 dc
1310 1701 1371 1766 dis·

293 1827 295 1832 s
347 1794 525 1880 positionem
542 1794 703 1869 bonorum,
727 1794 903 1856 cataliorum
918 1795 948 1855 a
962 1793 1134 1857 debitorum
1148 1789 1270 1856 suorum
1293 1810 1371 1873 prae·

346 1881 499 1946 disiorum
514 1903 548 1944 ac
559 1901 663 1944 eorum
678 1878 763 1945 usum
779 1883 810 1943 u
823 1883 1049 1964 occupationem
1064 1882 1095 1943 in
1112 1879 1216 1964 fornia
1225 1878 1372 1963 praedista

347 1968 473 2054 praefato
487 1970 615 2052 Johanni
632 1967 767 2050 Leyland
789 1970 913 2044 Seniori,
936 1969 1147 2033 executoribus
1169 1971 1199 2031 dc
1219 1967 1375 2050 assignatis

347 2056 407 2124 suis
422 2057 567 2142 quamdiu
582 2054 719 2140 praefatus
729 2056 881 2138 Johannes
892 2058 1043 2138 Leylande
1053 2057 1158 2136 Junior
1169 2076 1229 2118 non
1244 2075 1372 2137 compos

347 2147 457 2210 mentis
473 2167 526 2209 nec
548 2143 623 2208 sanat
638 2147 788 2208 memoriae
806 2144 950 2223 extiterit,
975 2159 1025 2207 aut
1044 2143 1151 2206 sucidis
1165 2142 1310 2228 gaudebit
1324 2143 1372 2204 iti·

243 2277 246 2286 -
351 2233 490 2298 teruallis.
526 2231 601 2295 Etsi
617 2232 770 2316 contingat
786 2231 1119 2314 praesatumJohaiinem
1134 2227 1270 2314 Leysaiid
1283 2231 1371 2310 Juni·

351 2341 435 2385 orem
454 2320 645 2404 imposterum
671 2320 845 2382 memoriam
870 2320 900 2381 aa
925 2317 1023 2382 sanam
1045 2333 1174 2385 mentem
1198 2328 1374 2401 recuperare

352 2425 405 2494 per
418 2410 501 2493 quod
516 2408 624 2473 habeat
637 2407 841 2471 liberationem
855 2408 990 2470 omnium
1015 2407 1046 2469 u
1069 2400 1252 2492 singulorum
1266 2405 1373 2474 annui·

353 2512 461 2575 iatum,
485 2496 671 2579 pensionum,
688 2495 879 2579 dignitatum,
896 2496 1132 2579 praebendarum,
1149 2494 1373 2577 promotionum

354 2586 612 2648 &beneficiorum
628 2582 748 2647 suorum
760 2604 795 2647 ac
808 2598 975 2646 ceterorum
990 2584 1208 2666 praemissorum,
1225 2602 1260 2644 ac
1274 2578 1373 2663 postea
1413 2606 1416 2611 ·

354 2675 464 2735 iterum
486 2672 615 2746 demeris,
638 2668 766 2746 insanus,
789 2673 820 2733 ἃ
845 2691 905 2733 iton
930 2690 1054 2753 compos
1073 2671 1178 2733 mentis
1203 2666 1259 2733 suae
1284 2667 1373 2731 deve·

355 2761 426 2838 iiiat,
443 2774 495 2821 aut
506 2759 609 2822 sucidis
622 2759 753 2841 gaudeat
767 2759 936 2833 interuallis,
949 2773 983 2819 ut
997 2756 1198 2839 supradisium
1212 2757 1253 2820 est
1267 2782 1277 2818 r
1300 2770 1376 2820 tunc

356 2848 541 2925 †uosu'inus,
563 2845 784 2921 commissimus,
805 2865 841 2908 ac
866 2866 919 2929 per
939 2843 1093 2928 praesentes
1117 2847 1267 2917 volumus,
1291 2864 1375 2905 coin·

357 2935 505 2997 mittimus
525 2935 555 2996 dc
569 2934 764 2997 concedimus
777 2950 832 3015 pro
846 2934 943 3008 nobis,
966 2932 1124 2997 heredibus
1144 2935 1176 2995 ἃ
1198 2931 1375 2995 Successori·

357 3022 415 3085 bus
429 3020 543 3098 nostris,
567 3037 711 3105 quantum
727 3022 757 3083 in
771 3022 858 3083 nobis
871 3018 923 3096 est,
946 3011 1070 3105 praestito
1083 3021 1211 3102 Johanni
1224 3019 1377 3102 Leysaude
1410 3056 1414 3059 ·

361 3111 486 3184 Seniori,
510 3108 595 3191 quod
613 3108 692 3171 idem
707 3109 859 3189 Johannes
880 3107 986 3171 habeat
1006 3106 1180 3184 custodiam,
1203 3110 1330 3191 regimen
1345 3109 1377 3170 aa
1444 3140 1447 3143 ⁴

350 3196 606 3279 gubernationem
614 3194 730 3279 praesati
739 3195 1188 3279 JohannisLeylandeJunioris,
1197 3216 1231 3259 ac
1240 3196 1377 3258 omniurn

360 3282 391 3349 dt
406 3282 587 3369 singulorum
603 3284 812 3365 praemissorum
827 3284 919 3347 modo
932 3282 1081 3360 deforma,
1107 3298 1141 3347 ut
1154 3282 1287 3367 superius
1301 3301 1378 3365 prae·

360 3372 490 3436 mittitur
504 3372 535 3437 in
548 3372 701 3435 omnibus.
745 3375 786 3435 Et
804 3370 844 3434 fic
863 3372 901 3435 de
923 3387 1057 3455 tempore
1072 3376 1104 3434 in
1127 3389 1243 3455 tempus
1268 3372 1377 3434 totiens
1443 3408 1447 3412 -

362 3459 500 3543 quotiens
522 3460 556 3521 &⁸
572 3458 718 3541 quamdiu
738 3458 894 3543 ptaedidus
907 3460 1055 3541 Johanues
1070 3460 1203 3542 Leysand
1215 3464 1235 3541 J
1237 3460 1323 3521 unior
1337 3456 1378 3522 fic

364 3544 484 3611 demens
499 3545 645 3623 deveniat,
669 3562 722 3609 aut
746 3547 852 3610 lucidis
866 3547 1009 3631 gaudebit
1023 3546 1190 3623 intervallis,
1211 3562 1246 3609 ut
1261 3543 1378 3630 piaeser·

364 3649 425 3697 tur.
474 3636 513 3697 Et
527 3635 651 3703 ulterius
666 3634 705 3697 de
718 3635 849 3699 uberiori
862 3637 955 3718 gratia
969 3632 1066 3697 nostra
1086 3635 1269 3710 tradidimus,
1296 3653 1380 3697 coni·

366 3720 508 3785 missimus
519 3722 549 3782 dt
562 3722 763 3799 concessimus,
786 3743 821 3785 ac
836 3745 888 3804 per
903 3721 1057 3804 piaesentes
1071 3721 1225 3799 tradimus,
1241 3723 1379 3784 commit·

366 3809 458 3873 timus
481 3810 510 3873 ἃ
536 3810 723 3873 concedimus
758 3809 861 3873 raesato
874 3810 1003 3896 Johanni
1016 3810 1148 3893 Leylaiid
1166 3810 1289 3886 Seniori,
1311 3828 1379 3872 exe·

365 3895 520 3961 cutoribus
532 3898 561 3958 8:
573 3896 721 3981 assignatis
736 3832 794 3961 suis
804 3899 842 3959 ad
853 3918 939 3981 opus,
955 3898 1147 3961 intentionem
1164 3898 1193 3961 δι
1208 3894 1294 3961 usum
1307 3913 1380 3979 prae‘·

364 3983 518 4063 dissutum
533 3986 668 4047 omnium
689 3988 837 4061 exituum,
861 3986 1078 4061 revencionum,
1101 3988 1327 4069 arreragiornm,
1350 3986 1381 4047 dc

274 4079 276 4095 ¹
366 4070 709 4155 proficuaannuitatum,
725 4072 910 4157 penfionum,
931 4073 1121 4157 dignitatum,
1145 4071 1380 4157 prebendarum,

367 4161 592 4242 promotionum
620 4162 651 4223 &
675 4160 885 4226 beneficiorum
911 4159 1131 4245 praedidorum,
1173 4179 1287 4223 necnon
1313 4180 1381 4243 pro·

320 4330 324 4339 ἱ
368 4243 448 4342 dem
465 4247 707 4344 &emolumenta
721 4266 919 4333 quacumque
940 4245 1133 4333 surgentia&
1148 4247 1330 4317 deveniendi
1344 4246 1383 4312 de

563 4352 760 4425 fustuaria
855 4345 1074 4423 patavium?
1261 4338 1306 4367 ni,
1361 4368 1375 4432 .'

932 4468 940 4481 ·
1300 4418 1386 4484 bonis
