2934 4900
63 1274 65 1277 ’
165 1273 211 1321 dus
221 1282 312 1316 nomen

113 186 114 193 ‘
205 195 331 293 rsa·
509 158 1240 275 Jonurrrsnanauur‘

371 322 497 387 Tostius
512 344 611 387 comes
626 324 739 385 auxilio
751 321 870 387 Edwini
886 320 1004 384 comitis
1018 319 1132 385 exulat.

372 412 522 475 Haroldus
545 432 599 501 rex
618 412 708 489 juxta
723 409 848 473 Vediam
862 406 971 475 frustra
990 408 1169 495 expesiabat
1191 407 1364 474 aduentum

329 500 401 562 Gul:
419 500 501 561 ducis
513 503 656 562 Norrnan.

167 610 283 663 aduinus
373 586 492 651 Tollius
516 606 612 647 comes
632 582 742 649 occisus
763 586 802 649 ab
827 582 956 648 Edwino
978 586 1007 647 δι
1028 588 1174 649 Morkaro
1195 583 1364 663 comitibus
1457 613 1458 642 r

163 679 320 756 ⁰⁰3¹¹⁰⁵M0r0
330 674 473 738 fratribus
487 674 634 756 germanis
650 676 680 737 in
695 672 808 737 boreali
823 690 906 756 parte
918 673 994 747 Usae,
1013 675 1103 753 juxta
1118 674 1303 736 Eboracum.

165 742 297 859 ffijkdaffis
376 762 518 823 Edwinus
543 762 572 823 a
598 764 755 824 Morkarus
779 759 936 824 intersesio
961 761 1095 825 Haroldo
1119 759 1250 823 sororem
1275 757 1363 824 suam

164 889 244 924 comes
256 850 494 933 Nor-Aldgytam
508 851 639 931 reginam
654 851 691 911 ad
708 852 857 912 civitatem
873 850 1042 932 Legionurn
1058 845 1169 911 misere.

166 940 275 990 diamur:
373 940 499 999 Edricus
511 954 578 1019 cog:
592 937 765 1018 Sylvaticus,
779 936 981 1013 filiusAlsrici,
993 937 1092 1000 fratris
1107 934 1362 999 EdriciStreonae.
1457 959 1458 968 ¹

177 1093 178 1102 ,
330 1028 427 1103 Hujus
453 1042 568 1099 terram,
593 1028 666 1107 quia
687 1022 714 1087 se
729 1026 838 1087 dedere
852 1026 914 1108 regi
937 1024 1169 1109 dedignabatur,
1192 1022 1360 1089 Heresord:

166 1137 226 1189 uide
236 1150 296 1185 num
331 1112 488 1188 castellani,
513 1114 543 1173 8c
558 1113 689 1175 Richard
703 1111 783 1175 filius
799 1114 902 1189 Scrob,
924 1110 1096 1195 frequenter
1110 1109 1270 1178 vastavere.

166 1204 207 1255 hic
221 1201 323 1251 Richar-
348 1266 350 1271 ,
377 1204 416 1263 Et
430 1198 529 1263 rursus
535 1216 573 1262 'ut
584 1200 710 1263 Edricus
721 1200 834 1263 auxilio
845 1200 1019 1284 regulorum
1031 1200 1148 1262 Walliae
1160 1198 1361 1263 Heresorden:

167 1332 282 1387 menardi
332 1292 446 1374 provin:
467 1287 630 1363 vastaverit,
656 1285 868 1363 Marlesweine,
891 1275 1040 1351 Elfrnms
1067 1289 1147 1351 filius
1172 1288 1360 1365 Normanni,

166 1400 242 1451 astro
254 1398 293 1446 de
334 1380 363 1439 8c
375 1374 534 1459 Cosparrilc
553 1376 667 1440 nobiles
693 1377 730 1439 de
749 1378 970 1441 Norrhumbria
991 1380 1126 1441 timentes
1152 1375 1228 1437 Gul:
1255 1397 1360 1460 regem

167 1466 240 1516 <¹⁶⁶1-
334 1468 465 1539 scotiam
479 1480 595 1546 petunt.

376 1552 555 1628 Godwinus,
579 1552 784 1631 Eadmundus,
808 1554 950 1636 Magnus,
966 1552 1021 1617 filii
1033 1550 1157 1615 Haroldi
1171 1552 1249 1635 regis
1265 1551 1362 1646 single

334 1642 365 1703 in
381 1637 585 1703 Sumersetana
599 1642 788 1724 applicantes,
807 1641 1013 1716 Eadnothum,
1038 1640 1209 1703 Stallarium
1232 1641 1363 1703 Haroldi
1457 1665 1458 1676 ¹

334 1730 422 1813 regis,
445 1732 661 1792 cum‘exercitu
677 1750 770 1811 quem
782 1728 926 1791 dusiabat
954 1728 1098 1791 fundunt.

169 1824 230 1891 Peg.
243 1838 299 1884 ης.
378 1819 546 1879 Normanni
561 1819 614 1900 qui
628 1818 755 1880 Eboraci
766 1814 902 1889 fuerunt,
921 1832 1026 1899 praeter
1036 1817 1237 1879 Wilhelmum
1252 1815 1364 1879 Mallet

334 1924 405 1967 cum
415 1908 542 1989 conjuge
557 1908 587 1967 8<
602 1926 632 1970 2.
648 1906 757 1981 liberis,
774 1907 803 1966 a
815 1905 1019 1969 Gisseberrum
1033 1904 1070 1967 de
1081 1910 1186 1968 Gaunt
1198 1924 1234 1966 ac
1247 1925 1362 1989 paucos

335 1993 422 2065 alios,
444 1992 590 2055 intersesii
604 2015 718 2057 omnes.

379 2078 556 2142 Malcolinus
571 2102 623 2143 rex
640 2085 813 2144 Scottorum
827 2083 931 2163 genuit
946 2081 1155 2166 &Margareta
1172 2078 1289 2164 Edgari
1300 2082 1362 2147 Cli·

223 2181 226 2203 ¹
337 2168 415 2231 tonis
429 2166 500 2244 filia,
523 2165 575 2231 sex
597 2168 683 2244 filios,
707 2169 920 2247 Eadwardum,
945 2171 1169 2245 Eadmundnm‚
1187 2169 1362 2252 Eadgarum
1425 2241 1427 2246 ,

337 2276 449 2339 regern,
472 2256 679 2318 Alexandrum
698 2278 807 2341 regem,
831 2258 1037 2335 Ethelredum,
1072 2259 1172 2322 David
1194 2276 1309 2340 regem,
1332 2260 1362 2321 81

260 2366 267 2383 ·
339 2364 370 2408 2.
387 2343 472 2419 filias,
485 2344 631 2407 Matilden
642 2347 773 2428 reginam
782 2347 877 2429 Angla
890 2348 919 2409 dc
932 2348 1069 2434 Mariam,
1079 2366 1173 2431 quam
1184 2343 1363 2409 Eustachius

337 2454 437 2498 comes
456 2434 596 2496 Bononiae
610 2435 640 2496 in
651 2435 826 2518 conjugium
840 2436 962 2519 accepit.

381 2520 511 2584 Edricus
522 2521 688 2605 Sylvaticus
701 2524 839 2586 conciliat
852 2524 1013 2589 amicitiam
1028 2522 1102 2586 Gul:
1117 2524 1205 2607 regis.

318 2604 322 2613 “
383 2609 575 2686 Ethelredus,
597 2611 738 2688 Osherus,
773 2613 960 2676 Wicciorum
983 2611 1173 2694 subregulus,
1195 2611 1363 2692 Centedus,

339 2696 534 2759 Ethelbaldus
552 2699 640 2778 primi
655 2697 828 2761 fundatores
844 2703 983 2783 Wigorn:
1000 2699 1137 2765 ecclefiae.

382 2782 529 2846 Edwinus
544 2785 745 2848 &Morkarus
760 2786 973 2851 rebelles‘Gul:
987 2791 1062 2873 regi.

342 2933 345 2937 Δ
384 2871 531 2962 Edwinus
546 2872 620 2936 dum
636 2876 765 2938 Scotiam
780 2873 855 2958 petit
870 2875 887 2938 ὲ
900 2873 959 2940 suis
972 2875 1089 2940 infidias
1100 2877 1251 2960 perpessus
1266 2879 1300 2942 in
1314 2879 1364 2942 iti·

340 2979 412 3023 nere
427 2961 584 3023 occiditur.
766 2966 768 2969 ’
894 3022 898 3029 ,

385 3051 543 3110 Morkarus
558 3069 656 3112 comes
672 3071 741 3113 cum
756 3051 950 3128 Herewardo,
973 3054 1039 3116 viro
1053 3053 1197 3117 strenuisl:
1220 3052 1302 3133 Hely
1316 3056 1362 3118 in·

247 3181 249 3198 .
340 3131 437 3197 sulam
451 3151 570 3218 petunt,
586 3159 650 3220 quo
668 3139 850 3222 Egelwinus‚
866 3137 1018 3224 episcopus
1033 3142 1219 3206 Dunelmen:
1229 3144 1258 3204 ἃ
1274 3144 1363 3206 etiam

341 3223 495 3290 Siwardus
517 3228 610 3287 Barne
625 3243 827 3308 pervenerunt,
850 3229 906 3292 dcc.
920 3245 956 3292 ut
970 3227 998 3292 se
1010 3230 1073 3316 regi
1087 3230 1162 3293 Gul:
1179 3227 1365 3295 submiserint

341 3325 449 3396 praeter
465 3314 692 3389 Herewardum,
716 3318 770 3398 qui
784 3313 913 3400 aufugit.

385 3403 546 3463 Morkarus
559 3400 577 3462 a
589 3400 662 3464 Gul:
677 3424 746 3486 rege
756 3405 785 3465 in
801 3404 964 3468 custodiam
979 3406 1089 3470 missus.

356 3541 359 3557 ,
386 3486 448 3549 Dol
462 3486 614 3552 castellum
628 3491 755 3555 Minoris
771 3493 942 3569 Britanniae,
966 3495 1050 3576 quod
1065 3509 1129 3557 erat
1143 3493 1301 3578 Rodolphi
1315 3495 1364 3559 Bi·

343 3589 397 3658 got
412 3577 529 3640 comitis
544 3576 714 3640 Northsolc:
729 3580 746 3642 a
759 3579 832 3642 Gul:
849 3601 917 3664 rege
930 3580 1086 3647 obsessum.

387 3663 565 3745 Liwulphus
577 3665 685 3727 nobilis
700 3666 805 3730 habuit
819 3669 851 3729 in
862 3670 1002 3754 conjugio
1014 3671 1189 3753 Aldgytam,
1204 3670 1299 3733 filiam
1310 3671 1365 3734 Al·

343 3749 406 3813 redi
420 3753 535 3812 comitis
549 3753 749 3816 Norrhumbr:
772 3776 810 3817 ex
832 3777 894 3838 qua
919 3761 1081 3838 procreavit
1105 3759 1181 3821 filios
1196 3759 1366 3822 Uslredum

344 3839 374 3898 &
390 3841 577 3900 Morkarum.
600 3842 698 3918 Hujus
710 3843 866 3926 Aldgithae
881 3837 962 3907 solor
971 3845 1030 3909 suit
1041 3845 1166 3922 Elfleda,
1177 3864 1270 3908 mater
1280 3848 1364 3908 Wal-

345 3925 445 3985 theovi
461 3928 588 3988 comitis.
635 3929 725 3990 Unde
750 3929 809 4010 ipse
829 3953 927 3994 comes
948 3932 1157 3997 consobrinum
1187 3933 1273 3996 suum
1299 3956 1365 4017 par·

344 4012 449 4072 aulum
474 4014 649 4094 praediuum
673 4019 849 4080 Morkarnm
878 4021 935 4082 deo
959 4022 1150 4086 nurriendum
1167 4022 1321 4097 monacbis
1334 4025 1365 4085 in

345 4101 448 4159 Girwa
463 4103 688 4166 commendavit.
735 4109 808 4190 Qro
832 4123 964 4191 tempore
987 4109 1046 4193 ipse
1072 4131 1169 4172 comes
1193 4128 1256 4172 erat
1282 4109 1364 4193 apud

345 4187 524 4265 Tinemurlr‚
547 4212 637 4274 quem
658 4191 759 4254 locum
775 4193 862 4256 simul
884 4217 952 4260 cum
977 4197 1124 4284 praedisio
1149 4198 1273 4281 parvulo
1297 4196 1365 4282 ipsis

344 4277 497 4350 monachis
511 4277 657 4344 commisit
673 4276 902 4364 disponendum.

1246 4371 1362 4473 Liwul·
