2934 4900
249 237 591 327 EDITORIS
637 237 1025 327 PRAEFATIO.

109 410 140 449 “
161 401 287 481 GRVM
306 402 494 506 designare
518 402 851 519 inscriptionem?
880 399 991 481 Adeo
1018 417 1073 496 ut,
1101 400 1143 482 ni

107 514 236 611 fallor,
255 541 335 624 agrr
325 515 466 594 nostri
488 512 756 602 Stunsfeldiani
780 506 941 592 arcifinii
967 513 1141 619 aliquan
1165 585 1169 592 .

108 626 163 706 do
196 647 427 722 vocarentur,
470 653 539 735 pro
570 651 677 704 more
706 644 892 716 veterum,
933 624 1000 728 qui
1030 653 1140 733 agros
1236 700 1243 706 .

109 738 195 818 illos
214 737 400 818 arcifidios
422 738 670 816 nominabant
702 736 819 816 hostis
848 736 997 816 arcendi
1019 737 1143 816 cauffa
1168 835 1170 840 .

110 850 351 929 constitutos.
411 849 554 957 Neque
585 849 678 930 alios
714 847 859 928 nostros
885 848 991 928 fuiffe
1016 849 1143 941 verifi-
1221 842 1225 855 ’

111 962 206 1040 mile
225 961 292 1050 est,
323 960 389 1066 qui
409 978 490 1040 tam
508 987 625 1069 prope
657 961 760 1040 viam
791 960 897 1040 illam
922 960 1141 1056 militarem,
1191 1026 1195 1039 ,

111 1072 188 1151 five
221 1073 452 1167 Praetoriam,
492 1072 607 1180 vulgo
640 1073 792 1151 Ikenild
825 1092 1012 1170 vocatam,
1037 1075 1144 1182 jace·

112 1185 222 1276 bant;
243 1211 313 1263 nec
334 1183 467 1290 procul
486 1184 622 1264 remoti
636 1203 739 1262 erant
757 1187 805 1264 ab
825 1186 992 1277 Oxonio,
1020 1185 1146 1266 Athe-

113 1296 174 1376 nis
193 1295 426 1397 Britannicis,
466 1323 550 1401 quae
577 1323 625 1376 ne
649 1299 695 1374 ab
715 1295 885 1376 hostibus
903 1297 1067 1378 barbaris
1086 1298 1145 1402 (in

113 1407 220 1488 hisce
248 1409 363 1487 etiam
393 1359 522 1487 idsulae
555 1407 720 1516 partibus
765 1405 1027 1514 grassantibus)
1075 1438 1145 1539 pro

115 1548 250 1600 amore
268 1520 336 1606 suo
354 1545 440 1628 erga
458 1519 589 1600 Musas
608 1520 841 1600 diruerentur
861 1521 1043 1600 cavebant
1070 1522 1147 1602 mi-

117 1633 201 1712 lites
222 1633 403 1712 Romani
460 1635 499 1710 A
532 1633 642 1713 nobis
665 1634 780 1714 etiam
807 1633 952 1711 faciunt
972 1659 1057 1738 quae
1077 1663 1149 1713 no·
1155 1702 1157 1705 ,

120 1745 214 1824 tavit
231 1746 443 1823 Oratorum
463 1727 691 1825 Latinorum
713 1748 884 1854 princeps
902 1746 942 1822 in
966 1742 1148 1854 Epistolis

119 1857 169 1934 ad
186 1857 405 1940 Familiares
417 1861 449 1950 b,
480 1859 582 1936 unde
603 1857 853 1964 intelligimus
868 1855 985 1936 castra
1003 1857 1051 1936 ad
1069 1857 1148 1937 flu-

119 1970 202 2048 vios
231 1967 330 2047 olim'
357 1967 475 2076 pofita
506 1968 624 2061 fuiffe,
655 1971 783 2074 quales
812 1968 984 2048 videlieet
1011 1997 1075 2078 per
1103 1999 1148 2048 a·

121 2081 223 2187 gron,
254 2080 469 2185 dequibus
502 2081 682 2174 diximus,
712 2084 907 2161 decurrere
939 2083 1063 2161 notius
1092 2081 1152 2160 est
1191 2114 1194 2121 ’

112 2221 244 2300 -quam
269 2211 313 2270 ut
333 2192 483 2301 probari
515 2193 659 2274 debeat.
717 2195 839 2274 Porro
872 2192 1018 2278 srlentio
1049 2221 1149 2303 prae-

108 2306 356 2404 tereundum
385 2332 461 2382 non
493 2303 558 2395 est,
587 2333 650 2384 me
669 2323 867 2384 autumare
892 2305 1010 2385 castra
1028 2303 1152 2386 nostra

123 2416 380 2497 semirotunda
398 2414 517 2512 fuiffe‚
533 2445 610 2525 qua
628 2417 1023 2499 formaGalbaeetiam
1035 2435 1153 2519 erant,

124 2556 294 2635 quorum
313 2530 492 2643 figuram
490 2530 806 2609 conservarunt
773 2559 843 2608 vrrr
832 2530 1057 2610 clariffimi
1071 2532 1154 2609 Ga'-
1228 2536 1238 2552 “

124 2642 223 2720 briel
258 2642 470 2719 Simeonius
496 2665 511 2703 c
536 2642 575 2719 dc
601 2640 833 2721 Guilielmus
864 2643 1151 2722 Steweehrus
1116 2644 1135 2704 d

124 2754 239 2833 Talia
259 2754 373 2832 etiam
402 2753 489 2831 sunt
517 2753 633 2831 castra
662 2755 739 2845 illa,
771 2760 947 2834 Romana
977 2774 1019 2833 ut
1029 2748 1154 2833 vide-

125 2884 203 2956 tur,
235 2865 283 2943 ad
303 2866 398 2943 duos
417 2864 557 2971 lapides
577 2867 631 2942 cis
651 2856 981 2973 Abbingdoniom,
1010 2867 1032 2945 ὲ
1050 2886 1154 2974 parte
1198 2889 1200 2892 ·

126 2976 631 3065 nimirumAEuro-australi
682 2978 797 3057 viculi
845 2980 892 3056 de
937 2978 1156 3083 Bayworth.

127 3090 240 3195 Talia
258 3090 353 3168 item
386 3088 425 3165 dt
452 3088 516 3164 illa
534 3087 806 3194 Begbrokiana‚
837 3116 921 3194 quae
941 3090 979 3175 iu
1008 3088 1155 3168 Differ-

128 3202 269 3279 tatione
292 3203 694 3280 commemoravimus·
745 3206 797 3279 At
821 3202 978 3279 omnino
999 3203 1156 3280 orbicu-

128 3314 197 3393 lari
217 3312 344 3393 forma
360 3312 446 3390 sunt
471 3310 579 3389 castri
599 3312 881 3391 Sinnoduniana
910 3311 1018 3391 mille
1044 3313 1157 3420 paffi-

130 3426 203 3503 bus
238 3423 261 3503 al
294 3423 512 3503 Dorcestria
541 3424 580 3501 in
615 3453 703 3530 agro
737 3424 984 3503 Bercherienfi
1014 3425 1091 3515 fita,
1121 3435 1159 3514 δι

131 3537 205 3615 sese
230 3535 331 3616 miro
351 3538 469 3614 modo
488 3535 594 3641 supra
620 3536 693 3616 Ilin
727 3536 793 3615 flu.
816 3538 1006 3644 erigentia.
1062 3538 1159 3615 Haec

133 3677 253 3756 nuper
272 3648 428 3727 summa
449 3676 538 3724 cum
568 3648 814 3727 deleelatione
843 3648 1072 3756 perlustravi,
1101 3650 1161 3726 lo·
1249 3736 1252 3741 ,

135 3787 304 3865 cumque
334 3758 605 3837 munitionibus
637 3759 857 3839 firmiffimis
886 3763 1069 3863 idoneum
1094 3788 1161 3868 pe-

134 3872 245 3951 dibus
265 3870 379 3990 obiri.
438 3869 548 3975 Qid
569 3873 731 3975 quod&
752 3872 919 3951 formam
935 3873 1161 3950 semirotun-

171 4093 183 4122 ¹
198 4088 317 4141 Dodnell.
329 4089 373 4139 loc.
386 4091 426 4140 cit.
439 4090 462 4151 ξ.
472 4109 497 4149 4.
567 4090 580 4129 b
595 4093 624 4140 L.
639 4095 671 4141 X.
684 4110 708 4141 n.
724 4112 761 4153 34.
829 4096 841 4124 ⁰
857 4094 887 4141 ln
900 4091 1111 4147 Observationibus
1122 4109 1166 4140 an-

136 4155 217 4225 tiquis.
285 4155 298 4199 d
318 4156 348 4210 Iu
362 4159 421 4211 Not.
434 4155 462 4207 ad
474 4174 514 4220 ις.
524 4170 573 4223 cap.
584 4156 602 4207 l.
616 4160 636 4207 l.
650 4161 741 4225 vegetii
753 4161 780 4208 de
790 4174 815 4207 re
826 4158 878 4208 nul.

1071 4218 1161 4305 dam
1255 4209 1257 4214 ’

1248 263 1308 348 xv,
