2934 4900
175 144 1006 281 ¹ttt'tvrouarttrconsecutivus.
1147 221 1212 284 247

72 332 116 417 gis
134 328 225 415 Angl:
240 325 360 394 facium
376 325 559 412 aggreditur,
580 325 754 409 ermmpsum
775 325 876 392 dando
888 332 993 393 ceteris
1008 330 1092 394 Wal·
1224 327 1227 336 “

75 418 213 492 sensibus,
234 417 377 499 cepitque
391 409 551 498 proditiose
566 415 720 498 Rogerum
735 413 773 477 dc
798 414 924 480 clifford
945 418 976 480 in
997 416 1093 482 castro

74 505 126 570 suo
135 505 175 570 de
188 503 378 578 Hawardi'ne,
393 500 517 567 nisrnasi
530 498 736 584 suspicantem.
866 543 867 548 κ

115 593 286 656 Adveniens
299 593 403 674 itaque
416 608 471 654 rex
483 590 561 652 circa
575 587 684 652 festum
696 593 726 652 8.
739 592 859 672 Joanuis
870 590 1007 654 Wasliam
1021 590 1090 656 sub·

69 679 198 766 jugavit,
219 677 304 751 villas
312 679 343 742 tc
354 691 457 754 terras,
478 696 548 762 quae
557 694 640 748 eraut
653 679 686 740 iu
699 677 868 742 meditullio
880 679 1009 756 walliae,
1033 678 1092 748 suis
1141 733 1149 744 .

75 767 245 856 proceribus
257 763 419 840 distribuit.
465 764 525 830 Sed
537 764 630 828 casira
640 766 789 831 maritima
803 766 858 830 srbi
869 769 1003 831 retinuit.

115 861 177 921 Mr.
189 851 328 1004 Hupode
338 853 484 920 Evefltam
497 853 557 917 hoc
570 872 652 918 anno
667 849 764 916 factus
779 855 810 919 8.
828 854 1004 920 Cardiuaiis.

115 943 238 1022 Edurun
261 961 295 1004 us
317 960 418 1019 comes
437 940 599 1004 Cornubiae
612 940 750 1006 fundavit
766 942 894 1026 [juxta]
910 945 1009 1006 Oxou:
1026 964 1089 1006 mo·
1102 938 1249 1008 aoytemve
1354 1035 1355 1038 Ἴ

74 1031 177 1100 nester:
193 1027 310 1096 cistert:
326 1028 395 1094 orda
410 1047 446 1092 ea
469 1030 636 1092 intentione
656 1044 691 1092 ut
711 1049 766 1111 pro
779 1049 812 1112 3.
835 1028 1035 1094 sacerdotibus
1049 1031 1091 1096 se·
1102 1005 1215 1124 diff

74 1119 166 1186 cusat:
179 1137 259 1203 quos
273 1132 358 1202 pater
371 1118 435 1198 ejus
449 1115 618 1180 Richardus
632 1139 690 1199 pro
702 1119 801 1180 anima
817 1115 867 1180 sua
884 1119 983 1180 divina
996 1114 1093 1184 voluit

75 1207 232 1283 celebrare,
255 1205 310 1268 VI.
333 1201 482 1281 momchi,
505 1203 670 1290 dequibus
684 1206 780 1290 magis
796 1204 978 1283 confidebat,
1001 1205 1093 1272 deum

75 1295 212 1359 devotius
225 1305 391 1358 exorarent.

113 1381 208 1534 unptpo
219 1399 352 1535 trhtphrpg:
361 1378 407 1444 sui
420 1399 474 1445 rex
487 1379 648 1446 Eduardus
660 1398 777 1449 moram
789 1378 860 1446 secit
872 1381 1103 1467 aiquautulum

76 1493 93 1536 a
196 1489 219 1533 a
320 1513 329 1531 .
827 1534 830 1543 ,

93 1486 259 1642 ¹'Princeps
270 1556 388 1640 waltiae
398 1569 505 1622 terram
518 1555 559 1620 de
573 1557 735 1643 Cairdigan
750 1559 781 1622 a
795 1556 950 1642 stradetvy
964 1557 1096 1624 devastu

74 1649 126 1711 vit.
170 1647 246 1710 Inde
259 1646 395 1730 princeps
409 1642 507 1709 versus
522 1660 634 1709 terram
643 1646 683 1709 de
696 1645 807 1710 Buelth
819 1645 847 1710 se
858 1645 1011 1711 destinavit
1023 1667 1095 1712 cum

75 1735 184 1820 paucis.
229 1734 290 1813 Cui
303 1736 440 1800 cumsua
452 1733 560 1796 militia
583 1731 821 1816 supervenientes
839 1736 953 1799 nobiles
971 1736 1026 1798 viri
1040 1738 1094 1814 Jo-

76 1841 164 1886 aunes
178 1819 312 1902 Gjffard,
334 1820 518 1899 Edmuudus
532 1821 571 1889 de
584 1822 712 1886 Mortuo
725 1824 815 1897 Mari,
838 1823 876 1885 de
895 1823 1097 1888 Walsensrbus
1174 1807 1189 1833 ‘

74 1910 146 1984 nihil
158 1906 334 1991 suspicantes
346 1930 405 1995 cou
441 1907 489 1988 effi
504 1905 574 1972 sunt
590 1913 730 1976 cumeis.
774 1911 822 1974 Ibi
836 1912 920 1974 enim·
927 1909 1038 1974 occisus
1053 1909 1096 1976 est

76 1998 241 2064 Levveliuus
262 1992 379 2062 circas
418 2017 468 2062 um
491 1995 524 2060 S.
555 1998 661 2062 Luciae
683 2017 753 2062 curu
774 2000 918 2062 omuibus
941 1995 1009 2076 suis,
1041 2019 1097 2066 neo

75 2106 152 2150 uuus
167 2084 267 2150 evasit.
312 2087 413 2169 Caput
430 2082 576 2169 Leweliui
596 2101 788 2170 amputatum
812 2085 864 2161 est,
888 2088 918 2150 Bc
945 2089 1009 2150 D⁰.
1032 2089 1097 2172 regi

75 2175 157 2329 pptffi
169 2171 321 2324 Rutsresasn
337 2171 543 2322 transpissum.
566 2174 719 2320 'Rpx'vero
733 2173 807 2240 illud
823 2173 899 2238 tuistt
909 2175 1094 2253 Londiuum,

168 2277 323 2326 turrrmu
363 2284 378 2325 r
411 2279 488 2322 aum
545 2282 576 2322 ur
605 2276 673 2322 eut.

115 2337 208 2413 Anno
221 2351 263 2413 D.
283 2283 377 2431 1253.
390 2283 421 2410 {c
435 2365 485 2411 tt.
498 2281 633 2410 {dandi
650 2349 688 2411 1¹.
704 2347 832 2432 quidam
842 2347 951 2414 nobilis
966 2351 1095 2432 Joannes

76 2436 213 2505 Giffarde
229 2436 362 2521 providit
378 2434 479 2517 locutu
503 2452 588 2499 extra
610 2456 713 2503 mtuos
729 2439 831 2501 Oxou:
857 2438 886 2499 dr
912 2436 1095 2521 possesiones

75 2527 156 2593 dedit
170 2524 210 2589 ad
225 2521 463 2591 sustentationem
483 2543 532 2607 13.
548 2527 777 2600 monachorum,
800 2548 877 2609 quos
892 2526 930 2591 de
944 2542 1097 2591 conventu

74 2610 360 2699 Glocessriteelegit,
384 2612 484 2675 volens
505 2614 633 2677 animam
659 2610 739 2675 suam
763 2615 792 2677 8<
817 2612 947 2677 animam
962 2614 1096 2679 Matisdae

76 2698 251 2788 Lougespey
263 2701 422 2804 quondam
436 2703 538 2803 uxoris
555 2696 615 2764 suae
628 2698 646 2762 ὲ
659 2700 869 2787 professoribus
886 2704 917 2765 8.
940 2700 1097 2773 Benedicti

75 2810 104 2865 m
117 2804 299 2941 perfflpgttssuup
306 2788 458 2956 ppppdgt‘cti
465 2893 495 2959 5.
516 2871 648 2941 Eduardi
658 2879 791 2961 *armiger
805 2876 933 2961 quidam
943 2878 1096 2945 Robertua

77 2966 262 3030 Camerarius
282 2986 354 3028 cum
366 2963 563 3046 compticibus
581 2961 639 3027 suis
659 2967 786 3028 tentoria
802 2981 1000 3029 mercatorum
1013 2965 1095 3115 apud
1105 2982 1164 3051 lug.
1176 2994 1247 3041 aar(
1279 3015 1282 3020 -

79 3058 110 3118 8.
125 3052 312 3139 Botosphum
324 3050 482 3117 incendens
495 3071 636 3137 maguam
650 3068 766 3143 partem
787 3054 876 3130 vitta,
901 3054 930 3114 a
944 3052 1021 3117 eccle
1035 3072 1096 3117 ram

78 3142 217 3205 Fratrum
238 3140 360 3205 Praedic:
386 3139 551 3203 combussit.
586 3136 753 3207 Dicebatur
777 3160 892 3223 nempe,
927 3142 1011 3223 quod
1034 3154 1097 3207 tota

78 3243 93 3277 ¹
107 3228 232 3313 pecunia
243 3230 337 3315 Angsr
352 3227 405 3291 virt
418 3224 593 3302 restauraret
607 3229 716 3293 damna
730 3230 843 3297 ibidem
862 3226 950 3291 fasta.
985 3231 1096 3293 Curre·

78 3315 297 3399 bautnamque
309 3314 401 3380 rivuli
426 3316 540 3401 argenti
563 3318 594 3379 dt
615 3317 681 3381 auri
701 3317 731 3380 ἃ
754 3318 942 3383 metalsorum
963 3312 1098 3384 fusrlium

79 3422 98 3465 u
133 3425 171 3469 ue
186 3424 218 3467 tn
233 3424 323 3469 mare.

79 3400 212 3663 'Etpasto
226 3490 268 3555 D.
290 3488 427 3559 naa&
449 3488 500 3556 16.
515 3490 651 3564 Eduardi
677 3510 728 3577 ις.
746 3488 836 3557 millia
854 3490 1030 3577 Judaeoruru
1045 3511 1096 3557 ex·
1109 3511 1155 3577 ῃ

143 3600 186 3641 ra
221 3580 316 3663 Angl:
886 3625 891 3634 «

122 3669 215 3730 Anno
235 3666 354 3731 decimo
376 3688 459 3733 nono
472 3664 608 3731 Eduardi
621 3667 649 3732 a
663 3688 743 3732 anno
758 3666 799 3731 D.
820 3687 912 3751 1292.
937 3666 1099 3733 Eduardut

80 3755 160 3836 apud
176 3756 311 3819 Nothatn
325 3757 517 3840 congregavit
539 3756 654 3819 nobiles
671 3755 787 3839 Anglos
811 3756 840 3818 81
861 3754 987 3827 Scottus,
1012 3770 1047 3817 ut
1062 3752 1099 3819 de

78 3843 146 3922 jure
159 3862 221 3928 reg:
247 3845 356 3907 Scotiae
377 3840 564 3908 discerneret.
608 3845 678 3906 Fuit
691 3842 816 3927 quidam
837 3864 962 3923 maguus
979 3842 1016 3907 de
1038 3844 1101 3905 An·

81 3928 142 4010 glia
155 3951 257 3994 comes
272 3932 486 4007 Hautendune,
508 3930 608 3993 David
622 3934 754 3996 nomine.
793 3932 850 3993 Hic
864 3929 921 3992 suit
941 3950 1103 4013 germanus

83 4018 246 4081 Alexandri
260 4021 336 4104 regis
351 4020 467 4083 Scotiae.
513 4017 680 4109 Hicpavid
691 4040 728 4081 etr
740 4035 828 4101 nepte
840 4022 915 4101 regis
932 4016 1023 4099 A'ngt:
1041 4034 1099 4081 tres

82 4105 231 4187 generavit
252 4106 338 4183 filias,
370 4126 447 4189 quas
469 4105 564 4169 tribus
590 4110 698 4171 Scotiae
730 4106 916 4191 magnatibus
942 4108 1101 4169 maritavit.
1182 4112 1188 4129 ⁸

85 4190 182 4266 Unam
197 4189 492 4275 Eduardo'Baisliolo
505 4195 583 4279 patri
592 4197 728 4276 Joaunis.
751 4194 920 4261 Secundam
939 4193 1101 4264 Eustachio

336 4300 365 4371 ,ι
379 4297 549 4358 vetemus,

467 4380 469 4385 '
570 4410 575 4416 .
885 4448 892 4461 .
983 4369 1122 4468 Qomppp,
