2934 4900
209 205 547 299 ANTIQUARII
582 207 1000 278 COLLECTANEA.
1067 233 1068 236 ’
1165 233 1228 299 273

77 317 238 426 ¹‘silleberp
252 346 283 406 iii
297 341 412 405 Estsax:
429 342 468 403 ad
483 342 641 426 Hengham
655 345 685 405 iti
701 347 817 418 Cantia,
842 345 894 410 nbi
917 363 1050 430 receptus
1065 346 1173 433 esi-pag.
1187 381 1244 428 3²9·

80 431 100 493 a
117 432 183 506 suis,
208 436 236 494 8<
252 432 377 494 castrum
393 429 478 491 suuni
494 431 531 492 de
545 432 658 520 Leedes
676 453 743 494 cuni
759 454 839 514 mag:
852 437 992 496 comitiva
1007 439 1106 520 ingre·

81 520 234 594 diebatnr,
258 521 288 581 dc
312 519 349 580 sic
373 518 411 579 ad
437 515 564 579 castrum
589 515 674 580 sunm
698 521 735 581 de
759 521 909 596 Chilham,
933 524 962 584 &
980 540 1050 586 tnnc
1066 523 1106 586 ad

82 610 230 669 Cantuarz'
244 608 373 689 pervenit
387 622 457 667 curii
471 625 519 684 19.
531 606 680 669 militibus
695 608 765 670 linia
779 625 928 674 armatura
939 608 991 671 sub
1007 607 1105 692 super-

83 696 193 756 tunicis
209 697 366 776 coopertis.
405 695 552 774 Armigeri
578 714 648 755 uero
673 695 753 756 illius
775 693 854 782 serro
875 696 970 778 palam
986 713 996 764 ἢ
1012 697 1106 761 disco·
1155 755 1157 761 ,

83 798 192 864 operto
206 783 244 842 ad
262 781 407 844 feretrum
419 781 500 842 beati
516 781 646 842 Thomae
663 786 815 863 pervenit:
840 784 918 844 unde
934 799 996 846 tota
1006 788 1107 848 civitas

85 869 210 930 turbata
224 867 275 943 est,
300 870 328 930 ἃ
345 889 396 951 per
411 868 527 950 aliquos
541 866 578 929 de
599 872 715 931 civitate
729 871 857 956 qualiter
877 867 904 932 se
919 871 1023 934 habuit
1046 877 1110 959 regi

84 960 264 1019 nunciatum
279 955 330 1018 eli.
1129 1007 1131 1012 ,

131 1047 205 1130 Qu
220 1045 267 1106 die
279 1045 358 1105 venit
373 1040 522 1124 adipsum
537 1044 624 1127 Joun3
638 1043 787 1105 Crnmwel
803 1054 878 1106 cum·
892 1061 1110 1130 uirore‘peiens

86 1136 237 1195 auxilinm
249 1134 278 1192 ἃ
292 1133 461 1202 amicitiam,
485 1133 534 1192 cui
544 1129 677 1210 promisit
691 1152 813 1194 ornnem
827 1153 950 1215 operarii
965 1131 1056 1211 suam,
1080 1139 1119 1199 &²

85 1241 160 1284 curii
175 1241 212 1281 eo
223 1221 375 1280 Oxonium
394 1219 431 1278 ad
447 1219 569 1278 barones
584 1218 708 1280 transsit.
986 1211 994 1232 ²

134 1305 249 1369 Interea
267 1327 330 1381 rex,
352 1309 453 1366 volens
469 1306 608 1366 vindicari
624 1307 660 1366 de
675 1306 756 1366 dieto
774 1305 983 1384 Badelesmere,
1006 1307 1111 1373 isabel·

88 1396 155 1458 lam
167 1397 296 1475 reginarii
311 1394 404 1474 Angl:
428 1393 465 1452 ad
482 1391 618 1454 Castrum
639 1397 677 1454 de
692 1389 806 1456 Lcedes
827 1395 924 1458 misit:
947 1399 1029 1480 qnod
1045 1400 1118 1482 qui-⁴

89 1485 161 1546 dein
176 1480 321 1543 castellum
337 1501 390 1542 rex
409 1483 488 1560 prins
506 1480 588 1542 dedit
605 1481 745 1562 praedislo
760 1481 951 1564 uideiesmer
963 1489 992 1548 in
1007 1483 1115 1548 escam·

91 1572 179 1634 bium
193 1590 249 1650 pro
263 1569 326 1629 aliis
342 1572 422 1628 terris
437 1569 474 1628 de
488 1567 615 1637 iodresse
639 1571 667 1628 in
693 1571 779 1630 Elsax
803 1573 856 1630 dcc.
885 1588 919 1632 ut
941 1592 1064 1656 negatus
1079 1571 1121 1634 sit'

91 1659 203 1742 reginae
218 1658 357 1718 introitus
371 1658 401 1715 iii
415 1655 576 1718 cassellum.
623 1659 688 1717 Hoc
703 1659 826 1737 cognito
838 1655 1046 1735 Badelesmere,
1064 1681 1116 1723 ex·
1208 1664 1212 1674 '

30 1778 44 1793 ·
94 1744 184 1808 islens
199 1745 278 1825 apud
296 1745 438 1823 Whitney
454 1744 482 1803 in
497 1744 599 1804 comit:
615 1743 732 1804 Oxsord
756 1767 827 1808 cuin
844 1749 1013 1821 baronibus,
1038 1749 1262 1828 mifitwirteney.

93 1834 135 1895 ad
153 1833 326 1915 praediolum
342 1829 467 1892 castrum
480 1831 598 1901 milites,
613 1831 792 1910 constituens
807 1836 848 1894 eis
859 1833 1119 1898 Constabularium

97 1922 258 1984 Thomam
273 1920 309 1979 de
328 1919 457 1986 Alisone,
482 1919 623 1978 mandans
647 1938 684 1980 ne
706 1922 816 2002 regiuae
837 1936 942 2002 portas
962 1925 1118 2006 aperirent,

96 2009 147 2071 sed
163 2006 292 2068 castrum
304 2004 427 2066 viriliter
443 2003 641 2067 defenderent.

142 2091 328 2157 Badelesiner
344 2093 467 2176 cognito
482 2094 565 2174 quod
580 2114 632 2156 rex
647 2091 773 2155 castrum
787 2095 952 2158 de=Leedes
967 2088 1121 2176 obsedisset
1178 2153 1185 2160 .

97 2185 195 2245 movit
211 2183 401 2260 barones,ut
415 2177 514 2242 versus
536 2183 648 2243 Leedes
671 2182 826 2244 tenderent
852 2185 879 2244 u
907 2183 1035 2250 castrum
1057 2188 1121 2266 ejus

99 2269 305 2334 defenderent.
351 2271 502 2332 Venerunt
528 2269 566 2329 ad
582 2267 747 2351 Kingcston
772 2269 856 2352 snper
874 2273 1048 2346 Tamifiam,
1073 2272 1122 2335 sed

98 2362 227 2422 ulterius
243 2358 381 2441 progredi
401 2358 566 2417 noluerunt.
613 2358 739 2424 Etcum
760 2360 799 2418 eis
816 2355 999 2420 Badelesmer
1017 2361 1090 2422 cons
1110 2395 1122 2408 ·

100 2444 148 2511 sus
161 2446 281 2509 recessit.
325 2449 397 2530 Qu
411 2442 517 2513 andito
530 2440 631 2508 obsessi
645 2445 676 2505 iii
691 2445 785 2508 castro
798 2445 835 2507 de
852 2448 963 2511 Leedes
985 2451 1123 2515 reddide-

101 2552 177 2599 runt
192 2532 222 2597 se
237 2536 309 2616 regi.

151 2626 218 2685 Reii
232 2639 329 2683 autem
345 2618 427 2682 mifit
442 2640 566 2682 uxorem
582 2618 767 2682 Badelesmer
791 2642 862 2683 cum
883 2624 973 2685 unico
995 2620 1047 2684 suo
1063 2623 1126 2687 filio

104 2712 215 2794 Egidio
228 2712 356 2782 nomine,
373 2709 610 2770 &cummianus
625 2706 693 2783 suis,
710 2712 787 2771 &D.
801 2712 933 2791 Barptol:
950 2711 1127 2793 Burgessche

104 2800 244 2870 militem,
268 2800 297 2858 u
314 2817 436 2858 uxorem
451 2798 523 2875 ejus,
546 2796 575 2857 bc
595 2798 748 2858 Thomam
771 2798 807 2881 ἀρ
821 2800 923 2861 Aidon
942 2799 1127 2862 constabula·

105 2890 186 2950 rium
199 2885 285 2947 casiri
300 2887 338 2945 ad
364 2884 469 2945 turrim
485 2884 616 2945 Loudon
639 2882 739 2945 statim
763 2881 834 2946 fecit
861 2885 979 2949 adduci.
1024 2892 1057 2948 lii
1079 2887 1127 2949 die

105 2976 244 3056 omnium
261 2971 429 3035 sandiorum
455 2970 533 3033 misit
550 2970 564 3007 b
580 2970 642 3032 duo
661 2971 769 3033 milites
792 2974 830 3033 ad
847 2972 976 3036 cassium
991 2974 1028 3037 de
1042 2975 1125 3035 Cbil·
1136 2984 1194 3049 Peg.
1206 2994 1264 3046 ψ.

106 3065 191 3135 ham,
215 3059 443 3123 commissionem
469 3060 620 3132 habentes,
653 3061 682 3121 u
706 3059 863 3141 petierunt,
895 3061 1051 3124 introitum
1072 3082 1129 3143 pro

109 3154 164 3214 D⁰.
181 3150 274 3231 Rege.
318 3149 438 3231 Qi'rbus
453 3149 595 3208 Henricus
614 3145 651 3208 de
667 3147 815 3227 Valoynes
829 3147 913 3209 miles
927 3152 957 3210 dr
971 3149 1130 3222 constabua

108 3240 201 3304 larius
227 3236 343 3299 dicebat
368 3233 397 3296 se
417 3235 495 3296 nolle
513 3252 609 3296 tenere
624 3230 749 3295 castrum
766 3252 870 3297 contra
894 3237 1056 3299 Dominum
1080 3258 1126 3299 re·

108 3349 191 3412 gem,
214 3323 313 3405 sicque
327 3322 479 3385 castellnm
496 3323 558 3405 regi
580 3319 723 3383 nadirum
746 3321 814 3387 suit.
860 3326 953 3402 Cujus
968 3326 1128 3406 deputatus

108 3430 173 3477 erat
188 3432 286 3475 comes
296 3412 333 3473 de
344 3401 489 3483 Batheles,
503 3410 600 3492 sicque
614 3408 734 3470 tradidit
749 3409 776 3471 ei
788 3408 936 3473 castellum
949 3432 1020 3474 cuin
1031 3415 1127 3476 omni-

111 3503 167 3566 bus
183 3501 266 3563 bonis
282 3520 352 3581 qnae
365 3500 407 3561 ibi
421 3499 457 3563 ad
475 3492 657 3584 Badelesuier
673 3498 866 3576 pertinebant.

156 3588 256 3651 Pollea
271 3586 420 3648 Walterns
440 3586 612 3667 Colepeper,
636 3585 761 3647 ballivus
787 3584 824 3647 de
845 3607 874 3664 7.
900 3585 1071 3663 hundredis,
1095 3591 1127 3651 in

105 3674 240 3751 ¹crastino
259 3675 393 3735 omnium
409 3674 585 3735 Sandoiiiui
604 3674 691 3750 juxta
715 3672 843 3735 caslrurn
866 3674 903 3735 de
927 3676 1039 3737 Lcedes
1058 3672 1129 3739 fecit

111 3766 152 3829 ad
167 3762 274 3825 caudas
288 3781 435 3846 equorum
451 3757 651 3823 miserabiliter
662 3759 779 3822 crassari
796 3763 822 3823 8<
839 3759 937 3843 postca
951 3760 1096 3845 suspendi.

160 3853 297 3913 Thomas
312 3846 476 3931 Colepeper
492 3850 519 3908 ἃ
535 3847 583 3909 alii
598 3846 651 3929 qui
672 3844 795 3909 suerunt
809 3870 880 3915 cuin
904 3870 941 3911 eo
963 3853 995 3913 in
1014 3850 1132 3915 castello
1186 3922 1192 3931 .

113 3938 154 4003 de
170 3930 357 4021 Tonbridge,
379 3936 482 3997 audito
506 3937 580 4016 regis
602 3936 742 4011 adventu,
765 3934 888 4019 fugiunt
910 3936 948 3997 ad
972 3940 1134 4024 Hugonem
1246 3960 1248 3967 ·

112 4030 157 4093 de
170 4024 312 4104 Andeley,
334 4027 388 4106 qni
402 4044 471 4085 cuin
484 4022 645 4084 baronibus
659 4021 721 4098 aliis
739 4042 807 4085 ruric
821 4028 968 4089 extiterat.

162 4116 250 4177 Tunc
265 4112 338 4176 miffi
353 4109 421 4175 sunt
439 4108 593 4173 Galsridus
608 4110 645 4176 de
660 4114 717 4191 Say
732 4114 762 4173 dt
772 4114 847 4175 Gul:
864 4112 902 4197 de
917 4111 1136 4197 Dyne,julliti·

382 4281 564 4349 'Ducooperti
576 4282 636 4332 MS.
703 4283 773 4333 bSir.
798 4329 801 4337 ,

142 4350 270 4421 non.
287 4348 313 4417 l.
570 4354 654 4419 Μαι
1090 4348 1147 4413 arii
