2934 4900
241 202 321 281 ‘244
539 193 843 275 JOANNIS
894 193 1266 286 LELANDI,

362 340 461 388 -eaute
475 329 598 401 amovit,
621 323 745 408 suosque
768 329 849 390 intus
875 321 983 409 posuit,
1005 325 1060 388 ubi
1082 323 1121 387 ad
1143 323 1246 387 natale
1272 321 1423 409 sequeus

300 445 304 461 ¹
374 416 543 479 maximum
556 414 711 476 celebravit
724 414 908 498 convivium.

419 503 533 564 Eodem
547 523 624 564 anuo
637 503 668 564 iu
681 503 794 584 capella
815 506 845 565 S.
862 503 964 564 Mariae
978 496 1117 577 Persorae,
1141 519 1222 574 eum,
1248 499 1422 564 veteribus

375 587 573 653 fundamentis
585 589 759 664 deturbatis,
775 589 813 650 ad
825 610 934 652 novum
949 590 1151 671 pavimentum
1162 586 1421 652 constmendum

377 693 453 738 terra
466 674 629 751 foderetur,
652 678 771 739 inventa
793 672 861 739 sunt
885 674 1053 740 olsaOddae
1075 675 1202 750 comitis,
1235 675 1292 737 vel
1311 676 1421 751 ducis,

377 758 508 844 ejusdem
523 765 581 827 loci
595 765 751 846 quondam
768 757 944 838 fundatoris,
966 765 996 828 in
1008 763 1139 846 quadam
1153 760 1224 826 cista
1240 762 1421 846 plumbea,

377 871 446 932 quae
461 851 571 914 ibidem
599 850 664 932 poll
688 848 844 934 secundam
869 851 997 915 ecclesrae
1017 847 1254 914 combustionem
1276 847 1420 913 fuerant

377 936 501 1021 sepulta,
525 941 552 1000 8
570 940 650 1001 intus
664 941 693 1000 in
708 939 845 1022 quodam
866 939 990 1022 plumbo
1014 937 1073 1002 tale
1088 935 1230 1022 scriptum
1246 939 1417 1000 invenitur

377 1027 586 1108 epitaphium:
611 1032 632 1061 “
646 1027 735 1089 Odda
747 1028 811 1090 dux
826 1027 991 1110 quondam,
1004 1021 1102 1109 priscis
1118 1026 1316 1108 temporibus
1327 1026 1416 1087 Aed-

378 1118 402 1152 “
415 1114 511 1177 winus
525 1128 644 1176 vocatus
670 1117 700 1176 in
722 1111 881 1197 baptismo,
895 1114 995 1178 cultor
1008 1113 1067 1190 dei,
1091 1113 1255 1176 monachus
1273 1111 1416 1178 effeetus

381 1208 404 1240 “
419 1199 478 1264 fuit
491 1215 559 1264 ante
573 1218 701 1264 mortem
715 1199 809 1278 suam,
832 1201 881 1266 hic
895 1197 1059 1284 requiescit.
1103 1202 1148 1263 Sit
1162 1200 1189 1263 ei
1202 1201 1363 1284 gaudium
1383 1205 1415 1262 in

381 1296 404 1327 “
419 1308 490 1372 pace
503 1309 575 1351 cum
590 1289 708 1353 Christo
731 1291 798 1353 deo.
822 1288 952 1353 Amen.’'
984 1291 1042 1352 Hic
1054 1285 1096 1351 est
1110 1287 1211 1362 Oddo,
1233 1288 1366 1371 dequo
1382 1289 1413 1349 in

378 1375 577 1460 superioribus
601 1377 714 1459 plenius
726 1375 781 1440 suo
798 1378 963 1440 declaratur
976 1376 1053 1453 loco,
1077 1377 1131 1460 qui
1145 1371 1271 1439 Delfero
1284 1373 1411 1438 consuli

379 1463 556 1548 nequissimo
565 1468 635 1544 jure
647 1463 816 1528 successerat
830 1465 1016 1529 hereditario.
1114 1481 1116 1486 ’

422 1548 646 1636 Hic-Delserns,
668 1573 776 1638 magna
799 1551 867 1616 usus
892 1550 1055 1626 insolentia,
1079 1546 1279 1616 Persorensem
1306 1548 1407 1612 eccle-

379 1637 462 1714 fiam,
485 1638 561 1701 srcut
573 1641 603 1702 &
616 1640 726 1703 ceteras
740 1641 839 1724 plures
853 1661 904 1722 per
918 1640 1070 1724 Angliam,
1092 1639 1266 1722 graviter&
1280 1635 1360 1699 laesrt
1375 1641 1408 1701 8(

379 1727 500 1803 minuit,
523 1727 608 1810 quod
633 1730 696 1808 ejus
720 1730 818 1790 exitus
843 1727 991 1792 horribilis
1010 1723 1112 1790 misere
1133 1724 1280 1810 probavit.
1321 1727 1405 1788 Con·

379 1815 514 1896 sumptus
531 1826 677 1900 “nanque
693 1815 854 1890 vermibus,
878 1835 956 1898 quos
972 1815 1122 1899 pediculos
1137 1832 1287 1886 vocamus,
1313 1811 1402 1876 mise-

379 1904 465 1966 rabili
481 1903 541 1964 fine
564 1907 659 1967 vitam
680 1901 781 1970 misere
804 1903 981 1966 terminavit.
1027 1901 1116 1968 Odda
1136 1921 1207 1962 vero
1220 1899 1286 1964 dux
1298 1896 1403 1963 succe·

379 1991 452 2054 deus
467 1993 495 2054 ei
508 1993 539 2054 in
553 1990 758 2064 hereditatem,
782 1992 812 2052 8(
825 1989 988 2074 intelligens
999 1988 1075 2052 illud
1089 1987 1257 2052 inauditum
1270 1987 1401 2064 malum,

380 2078 465 2160 quod
477 2073 601 2139 invasori
613 2077 655 2139 illi
663 2077 920 2140 ecclesiasticarum
933 2077 1139 2158 posseffionum
1148 2075 1326 2160 contigerat,
1339 2095 1401 2140 nou

381 2179 497 2227 tantum
512 2179 623 2226 terram
636 2163 727 2240 illam,
751 2185 841 2248 quam
863 2163 990 2227 ecclesrae
1015 2161 1178 2228 Persorensr
1202 2162 1400 2248 nequissimus

380 2251 431 2314 ille
445 2249 611 2325 abstulerat,
633 2252 761 2338 benigne
780 2252 920 2329 reddidit,
942 2249 991 2316 sed
1006 2253 1245 2338 &virginitatem
1259 2254 1328 2314 Deo
1339 2251 1397 2313 im-

381 2355 557 2423 perpetuum
575 2341 667 2416 vovit,
690 2362 728 2403 ne
752 2343 836 2404 heres
857 2337 926 2404 suus
947 2339 1096 2403 ecclefiam
1122 2339 1170 2404 del
1191 2337 1396 2404 exheredaret.

380 2432 453 2513 Qo
466 2428 546 2511 apud
563 2428 744 2492 Deorhurlle
758 2429 934 2493 monachato
957 2431 986 2491 8(
1011 2425 1166 2503 defensio,
1190 2425 1307 2491 Persore
1320 2427 1394 2490 alla·

382 2529 432 2577 tus
445 2515 498 2592 est,
522 2517 551 2577 8(
567 2515 677 2578 ibidem
693 2520 726 2579 in
743 2514 925 2602 sarcophago
938 2532 1001 2600 opt:
1017 2516 1129 2599 positus
1143 2536 1222 2578 anno
1238 2518 1279 2577 D.
1299 2517 1393 2599 1056.

381 2605 476 2683 Cujus
491 2603 548 2665 olsa
564 2604 622 2665 hoc
636 2626 723 2679 anno,
746 2605 881 2669 videlicet
897 2608 1037 2668 incarnat:
1049 2606 1088 2665 D.
1106 2624 1143 2667 12
1149 2600 1214 2689 59⁰.
1230 2603 1394 2667 incrastino

382 2692 413 2754 S.
429 2691 562 2752 Barbarae
577 2692 698 2773 virginis
719 2694 839 2756 iuventa
852 2690 929 2768 suut,
953 2709 987 2755 ut
1001 2691 1176 2775 praedittum
1196 2690 1249 2757 est.
1273 2693 1393 2754 Inventa

381 2773 451 2837 sunt
465 2778 494 2837 8(
504 2778 592 2855 juxta
606 2778 710 2841 eadem
724 2781 773 2843 die
787 2784 924 2865 proximo
942 2780 1011 2842 hinc
1030 2775 1170 2863 sequente
1184 2782 1216 2842 in
1229 2778 1286 2841 alio
1297 2780 1392 2861 plum·

357 2869 361 2874 ’
381 2864 424 2927 bo
437 2864 496 2925 olla
509 2867 682 2929 venerabilis
697 2871 787 2950 patris
803 2868 978 2942 Foldbrithi,
1002 2870 1091 2950 primi
1104 2868 1260 2951 quondam
1277 2866 1391 2931 abbatis

381 2948 512 3027 Persore,
534 2972 602 3035 quae
623 2952 689 3036 post
713 2956 882 3037 praedislam
895 2952 1137 3027 combustionem,
1160 2974 1227 3039 quae
1241 2952 1299 3017 fuit
1314 2974 1390 3018 anno

276 3088 283 3120 .,
383 3043 425 3102 Ι).
444 3058 538 3121 1223.
561 3043 633 3103 dum
647 3042 766 3105 ecclesia
787 3064 864 3107 nova
888 3042 1086 3118 fabricaretur,
1110 3042 1220 3108 ibidem
1240 3062 1306 3104 cum
1327 3042 1389 3105 aliis

382 3126 489 3189 offibus
503 3128 621 3190 fuerant
634 3130 794 3194 recondita.
839 3134 912 3217 Qi,
935 3146 970 3193 ut
984 3126 1089 3213 scripta
1102 3132 1224 3193 tradunt
1241 3122 1273 3191 in
1287 3130 1342 3191 vita
1355 3132 1385 3191 S.

381 3214 510 3277 oswaldi
524 3214 652 3298 episcopi
666 3221 805 3300 Wigorn:
829 3240 898 3281 cum
915 3218 1006 3297 hujus
1022 3219 1188 3283 Foldbrithi
1202 3236 1306 3299 corpus
1320 3236 1387 3278 exa·
1442 3208 1443 3285 l

380 3305 462 3389 nime
486 3320 714 3383 componeretur
733 3310 765 3367 in
789 3303 907 3381 feretro,
931 3306 1091 3369 astantibus
1116 3309 1169 3389 qui
1191 3308 1303 3367 exuviis
1316 3306 1384 3366 invi·
1442 3296 1443 3377 l

379 3392 523 3469 gibbam,
547 3394 653 3454 revixit
667 3395 697 3453 8(
710 3397 803 3455 erexit
829 3382 866 3459 se‘.
891 3398 984 3471 Cujus
1004 3392 1020 3454 d
1043 3394 1174 3473 quodam
1189 3394 1220 3454 in
1234 3396 1338 3456 virtute
1351 3392 1383 3453 fi·
1442 3378 1443 3473 i

381 3476 430 3539 dei
445 3477 517 3539 nihil
542 3478 692 3542 haefitanre
715 3483 746 3544 in
768 3482 860 3545 verbo
882 3485 939 3546 Dei
953 3482 1106 3556 conjurato
1119 3479 1232 3562 spiriru,
1254 3495 1297 3554 ur,
1319 3479 1385 3543 ster
1442 3504 1443 3553 l

360 3564 362 3568 ’
382 3567 450 3627 Deo
477 3566 556 3638 esset,
580 3570 741 3629 novitatem
766 3566 838 3632 fasti
864 3572 893 3631 8(
914 3570 1086 3633 reversionis
1110 3566 1227 3631 causam
1251 3570 1382 3650 aperiret:
1442 3618 1443 3641 ,

382 3654 482 3733 Inquit
493 3651 663 3729 desunstus,
689 3664 710 3690 “
725 3657 857 3719 Aonius
872 3660 978 3740 gratias
995 3659 1078 3719 beato
1092 3654 1232 3719 oswaldo
1247 3658 1323 3729 redii,
1335 3675 1382 3716 cu·
1442 3652 1443 3663 ³

360 3767 363 3800 :
383 3748 405 3785 ⁴‘
414 3741 465 3819 jns
480 3742 606 3821 dignitas
622 3744 792 3805 meritorum
811 3748 839 3807 in
854 3743 1010 3825 conspeslu
1038 3746 1162 3807 Domini
1191 3745 1263 3805 mihi
1277 3744 1382 3805 veniam
1442 3782 1443 3829 g

379 3835 405 3867 “
420 3827 590 3909 impetravit
601 3828 787 3893 delislorum.
812 3836 917 3895 Numa
933 3835 1020 3895 beato
1032 3832 1193 3893 Beneditto
1207 3834 1238 3893 in
1252 3828 1379 3893 visionem
1442 3868 1443 3877 ι

381 3921 405 3950 “
420 3913 479 3977 Dei
494 3916 665 3996 perduslus,
687 3939 755 3979 cum
780 3923 851 3981 mihi
868 3923 1026 4002 trepidaret
1041 3917 1225 3993 conscientia,
1250 3914 1381 3981 accusaret
1442 3952 1443 3965 κ

382 4008 406 4038 “
419 4004 489 4078 vita,
509 4006 606 4085 accepi
633 4001 649 4062 ὲ
670 4006 802 4076 Domino
818 4030 871 4088 pro
899 4011 1006 4069 meritis
1027 4004 1156 4069 Olivaldi
1177 4006 1377 4069 immunitatem

382 4096 405 4125 “
420 4108 540 4171 poenae,·
553 4088 735 4157 securitatem
752 4094 880 4156 salutis.”
911 4098 1030 4180 Qribus
1046 4094 1130 4155 distis
1145 4095 1280 4171 exticuit,
1302 4097 1378 4155 &ac-

380 4194 468 4259 cepto
482 4176 590 4240 viatico
606 4177 655 4241 Di.
672 4184 805 4261 corporis
822 4182 974 4252 dimidium
986 4185 1063 4245 diem
1079 4181 1254 4262 supervixit.
1286 4185 1379 4263 Sicque
1442 4230 1443 4257 ,

341 4273 344 4282 ’
378 4266 485 4331 iterato
498 4267 582 4333 obitu
596 4268 781 4332 obdormivit
795 4274 827 4333 in
838 4275 896 4335 D0.
914 4292 943 4355 a.
963 4273 1034 4335 Idus
1048 4268 1188 4353 Augusti.
1442 4270 1443 4289 ¹

699 4374 777 4424 ίιδίο.
924 4388 929 4395 ·
1320 4358 1378 4422 Hoc
