2934 4900
194 172 1096 285 nuurounnttconnncTA-ttrn'
1160 193 1228 285 ‘¹312
1321 236 1328 241 .

69 324 176 373 avere.
220 304 283 368 Nifi
298 305 382 389 quod
399 304 575 367 Edelbertus
592 300 719 367 fortuito
733 304 817 369 urbis
836 309 986 388 incendio,
1008 315 1102 381 &Ale

69 384 205 454 infausto
221 390 361 455 adversus
376 394 504 455 Mercios
524 392 628 473 proelio
641 392 770 475 gloriam
785 408 956 479 temporum
980 398 1103 471 suorum

70 500 134 541 non
160 482 266 561 parum
281 478 480 555 obscuratere,
505 476 561 541 &o
580 493 614 541 ut
635 480 753 542 Alricus
773 483 919 547 {Metelis
934 503 1038 571 captus
1052 490 1100 570 fit,
1178 555 1181 559 ,

70 568 102 627 dr
119 566 223 651 postea
249 566 266 628 ὲ
291 568 415 632 vinculis
439 566 591 644 liberatus,
615 588 670 631 nec
688 564 834 632 aerariis
853 571 886 635 in
910 594 1038 658 regnum
1052 601 1101 644 re·
1157 620 1161 627 -

69 671 177 739 ceptus
193 650 318 718 obscura
335 672 431 719 morte
445 656 577 740 perierit.
964 653 969 661 '

209 740 455 825 Suptrcgspotellate
556 794 559 801 .
1108 785 1249 837 &diem

114 828 189 911 Qa
205 844 255 909 15·
275 828 359 889 annis
373 821 608 910 sandiuslfatum
622 823 794 907 complevit,
810 847 903 911 regno
916 845 981 896 toto
992 851 1101 922 praeter
1111 851 1249 904 wenna.-

69 910 200 975 insularn
210 912 335 977 Vestam
348 914 386 976 ad
403 914 503 977 filium
517 912 668 977 devoluto.
714 916 759 975 Ea
782 915 863 977 enim
878 918 998 984 indultu
1013 918 1102 1011 regiae

70 1000 288 1063 munificentia
323 1001 460 1086 potestati
489 1001 662 1084 Werhtgari
690 1002 805 1083 nepotis
831 1000 876 1066 sui
901 1002 1025 1075 acceffit',
1071 1006 1103 1077 Is'

70 1107 146 1150 cum
161 1085 312 1173 sanguinis
327 1090 560 1173 propinquitate,
585 1104 650 1151 tum
669 1085 798 1152 bellandi
819 1092 931 1155 artibus
950 1100 1100 1164 avunculo

67 1176 159 1255 juxta
173 1176 292 1252 charus,
315 1177 460 1241 celebrem
476 1180 506 1241 in
520 1176 625 1241 eadem
649 1172 743 1238 insula
766 1178 865 1261 primo
887 1183 1100 1268 principatum,
1223 1190 1230 1202 '

71 1259 140 1345 post
154 1260 377 1346 &sepulturam
393 1266 517 1349 accepit.
1078 1264 1082 1275 '

115 1352 272 1426 Cenricus,
296 1352 375 1414 lilius
391 1353 509 1425 Cerdic,
532 1351 665 1435 regnavit
680 1352 762 1415 annis
776 1370 829 1431 24.
918 1381 921 1394 ¹

115 1438 290 1515 Ceaulinus,
315 1440 393 1503 lilius
419 1440 551 1523 Kenrici)
567 1440 648 1525 Qia
668 1442 747 1502 enim
770 1441 802 1502 in
821 1440 925 1505 odium
950 1441 995 1508 sui
1013 1446 1100 1530 quali

71 1525 224 1589 clafficum
248 1528 410 1611 utrobique
434 1529 608 1603 cecinerant,
643 1524 878 1610 conspirantibus
909 1547 970 1595 tam
992 1536 1100 1619 Anglis

72 1635 167 1697 quam
183 1615 366 1691 Britonibus,
390 1616 473 1699 apud
488 1613 666 1679 wodnesdic
680 1611 756 1677 casso
770 1619 916 1692 exercitu,
932 1640 1010 1683 anno
1029 1618 1104 1705 31⁰ss

73 1722 170 1786 regno
184 1700 314 1767 nudatus
329 1704 360 1765 in
374 1704 497 1768 exilium
508 1702 655 1779 concessit,
678 1702 707 1763 ἃ
722 1704 867 1766 continuo
882 1704 1009 1771 decessit.

118 1789 228 1866 Cudae,
251 1792 314 1871 ejus
323 1786 434 1867 fratris,
458 1790 512 1855 filii
536 1788 636 1875 postea
660 1789 835 1873 regnabant,
852 1791 996 1858 'Celticus
1015 1799 1100 1861 annis
1137 1812 1142 1821 ·

72 1878 220 1963 quinque,
244 1877 461 1962 Ceolwulphus
481 1898 530 1957 14.
848 1944 852 1952 ,
988 1915 992 1923 -
1055 1920 1061 1927 .
1171 1954 1191 1961 ..

116 1961 190 2028 Post
201 1985 279 2049 quos
295 1964 461 2049 Cinigillus,
484 1964 564 2029 filius
580 1964 698 2043 Celtici,
721 1962 940 2053 &Qicelmus
956 1969 1040 2053 regni
1053 1968 1101 2033 iu·
1143 1971 1160 1985 ”

80 2050 160 2115 sulas
174 2072 260 2135 aequa
275 2052 358 2116 lance
373 2052 575 2119 induerunt.'
867 2102 871 2109 .
1050 2090 1055 2099 ·
1158 2100 1178 2127 .,

117 2139 294 2227 Qicelmus
305 2144 440 2225 regnavit
454 2144 538 2224 annis
555 2161 572 2206 2
578 2160 607 2227 ς.
621 2159 694 2204 cum
703 2138 856 2226 Cinigillo,
871 2142 925 2225 qui
939 2138 1100 2226 supervixit

76 2230 106 2290 a
117 2227 258 2311 regnavit
271 2227 370 2310 postea
385 2232 469 2293 annis
481 2226 543 2291 sex.

118 2314 321 2385 Kenualchius
330 2337 394 2391 rex,
407 2316 485 2378 filius
499 2312 644 2397 Cinigilli)
658 2310 825 2397 Religiosus
837 2313 926 2380 adeo.
941 2330 977 2379 ut
989 2319 1102 2399 primus

76 2402 295 2466 antecellorum
308 2400 429 2466 suornm
443 2406 473 2466 in
488 2402 640 2465 Wintonia
655 2403 802 2485 templum
817 2401 916 2484 perid
931 2396 1020 2467 seculi
1032 2404 1101 2488 pul·

78 2491 177 2554 cherr:
194 2487 385 2554 construeret.
965 2550 970 2559 ,
1203 2556 1206 2566 ,

119 2581 156 2643 In
173 2575 374 2662 fine'epillolae
389 2576 554 2641 Eleutherii
570 2573 698 2660 episcopi
713 2577 842 2639 Ventani
867 2576 905 2640 de
924 2573 1101 2644 fundatione
1136 2576 1142 2584 “

76 2663 244 2728 monasterii
258 2667 451 2749 Maildulphi)
476 2666 589 2728 Asiuru
607 2664 727 2748 publice
740 2666 832 2746 juxta
844 2663 959 2728 flumen
973 2656 1107 2732 Bladouss
1181 2679 1185 2686 “

78 2750 455 2835 Leyland.,forsanAv0u.
882 2761 886 2764 ’

122 2843 205 2904 Laus
218 2841 364 2924 Aldelmi)
385 2839 458 2906 Erat
483 2843 563 2904 enim
577 2841 623 2904 vir
641 2837 690 2902 ille
710 2860 783 2904 cum
808 2842 951 2924 religione
965 2839 1101 2922 simplex,
1161 2835 1165 2841 ’

78 2945 152 2991 cum
167 2923 335 2992 eruditione
349 2930 517 3013 multiplex,
533 2930 562 2990 8t
576 2929 630 3011 qui
644 2925 753 2989 famam
763 2928 876 2991 virtute
887 2930 1015 3011 praeiret,
1028 2927 1089 2990 libe

79 3016 189 3079 talium
201 3017 311 3080 artium
325 3033 470 3102 epotator.
510 3019 541 3080 Si
556 3036 616 3078 non
626 3017 688 3078 haec
701 3013 846 3078 testantur
857 3018 888 3076 in
897 3015 1022 3098 singulis
1032 3017 1062 3077 a
1071 3017 1109 3102 iu)

79 3103 218 3166 omnibus
233 3103 407 3187 singularis3
430 3106 557 3170 mentior
571 3103 593 3165 sr
608 3123 667 3166 non
681 3104 745 3166 haec
761 3100 904 3166 testantur
927 3103 965 3166 de
978 3097 1172 3192 virgini-19¹8·
1184 3114 1242 3165 ἐι·

80 3204 139 3253 tate
163 3192 292 3267 codices,
316 3194 495 3256 immortales
518 3193 582 3272 ejus
608 3192 718 3274 ingenii
743 3189 863 3265 indices,
888 3190 1000 3273 quibus
1021 3192 1104 3278 ineo
1273 3190 1303 3204 ““

75 3277 194 3364 judicio
211 3278 287 3342 nihil
302 3279 432 3356 dulcius,
447 3279 522 3342 nihil
537 3277 729 3360 splendidius.
774 3278 920 3362 Qanvis,
945 3295 980 3340 ut
994 3273 1036 3339 esi
1049 3299 1111 3368 no·-

80 3364 130 3429 llri
147 3362 242 3441 seculi¹
256 3365 377 3443 desidia,
400 3365 581 3451 quibusdam
608 3368 724 3448 pariant
750 3362 900 3441 nauseam,
923 3385 986 3428 non
1007 3366 1104 3429 atten-

80 3453 232 3532 dentibus,
255 3456 327 3540 quia
336 3455 425 3535 juxta
438 3476 537 3523 mores
560 3451 717 3538 gentilium
734 3455 887 3524 varientur
911 3452 995 3521 modi
1010 3449 1106 3541 dista·¹

79 3542 207 3606 minum.
787 3543 792 3548 '

100 3703 103 3711 γ
122 3628 348 3706 Kenwalchius,
371 3650 425 3694 rex
439 3625 631 3712 Weslsaxr'in
642 3647 738 3712 regno
752 3647 845 3696 annos
860 3645 914 3711 31.
989 3680 991 3684 .

86 3728 92 3790 j
123 3713 282 3792 Escuinus,
306 3739 361 3781 rex
372 3715 516 3780 Wellsax:
534 3715 764 3802 regnavitannis
779 3733 810 3779 2.
1026 3770 1029 3775 .
1181 3788 1183 3793 ¹

122 3806 304 3882 Centninus,
329 3805 462 3889 Cinigilli
476 3803 566 3880 filius,
589 3823 643 3868 rex
656 3799 829 3878 West-Sarrs
842 3823 908 3887 reg.
924 3801 1009 3870 annis
1019 3821 1054 3886 9.
1101 3796 1107 3805 ’
1142 3860 1145 3866 ,

122 3892 207 3970 Beda
219 3891 377 3956 confirmat
391 3894 445 3955 hos
459 3913 585 3975 regnum
600 3894 677 3954 inter
688 3887 717 3952 se
739 3887 872 3959 divisile.

123 3981 189 4055 lna,
215 3999 268 4041 rex
280 3979 449 4043 west-San:
466 4003 529 4062 reg:
543 3982 629 4042 ‘annis
647 3981 699 4060 38.

124 4070 193 4141 Ina,
206 4068 358 4152 Cinelgilli
373 4087 412 4132 ex
424 4066 514 4131 fratre
523 4067 697 4130 Cuthbaldo
707 4085 867 4150 pronepote
898 4063 1041 4128 'Fuerunt
1053 4055 1110 4148 qui

82 4151 219 4230 dicerent
230 4175 303 4218 eum
316 4153 400 4224 luisse
413 4158 491 4242 regis
505 4170 648 4240 nepotem
662 4174 700 4220 ex
711 4155 894 4220 Kentenrico
908 4149 1010 4220 fratre.

126 4331 277 4408 Tomi.
415 4329 417 4336 '
538 4281 603 4396 8l
875 4321 1113 4422 winburna)
