2934 4900
214 264 557 361 nurrouartrr
593 232 1016 369 consuedines.
1187 260 1251 348 141*

149 398 331 463 AEdwardus
348 374 456 461 Senior
465 392 588 478 suscepit
609 414 646 457 ex
663 414 693 477 3.
720 414 815 457 uxore
840 394 959 480 Edgira
980 380 1230 474 vocabulo'Edgiva
1245 375 1293 460 ux·

98 478 184 551 filios
194 506 226 552 2.
237 484 434 586 Edmuudum
446 485 476 545 ἃ
491 481 657 557 Edredum;
673 485 726 564 qui
740 483 831 562 ambo
847 482 911 587 poll
924 482 1204 591 Ethelstanumiirdi
1212 474 1284 606 ἓξ,
1350 575 1353 584 Ι

62 568 796 738 'stultitiis?llltlllttttts
811 571 1146 721 Els'liiaidbllii
1224 657 1227 663 ·

101 752 175 812 tatis
190 750 307 812 eximiae
319 680 484 822 muliergem,
501 744 659 825 conjunxit
673 740 762 807 frater
775 680 964 807 'Ethellianus
973 680 1130 810 'Ltidovico
1141 759 1279 811 mnarum·

102 838 336 987 alliquitapospum
350 836 485 983 ppincipi,
512 836 569 900 &u
585 846 618 895 ut
633 830 706 893 filias
720 852 822 895 omues
836 837 946 896 curarit
960 834 1129 898 Edwardus
1139 824 1287 943 fflffiv·

121 942 206 987 rtens
225 944 254 986 m
281 940 363 985 rtuen
385 942 426 983 as.

149 1008 278 1087 'Carolus
293 1008 346 1072 ille
359 1016 449 1092 gener
464 1007 603 1071 Edwardi
619 1007 721 1071 multis
735 1007 954 1071 calamitatibus
968 1007 987 1070 u*
1001 1010 1129 1074 Rollone
1138 967 1264 1091 iiiiii&
1309 1026 1311 1028 ·

106 1100 360 1181 coasluspartem
386 1095 430 1159 illi
454 1096 570 1175 Gallia,
594 1115 662 1179 quae
682 1117 770 1161 nunc.
788 1097 972 1160 Normannia
996 1093 1128 1175 vocatur,

105 1186 256 1251 concessu.
531 1198 534 1204 ’
1121 1242 1126 1250 .

152 1276 327 1337 Ludovicus
353 1269 482 1335 succellit
510 1269 626 1346 Carolo,
659 1290 722 1356 quo
747 1288 871 1335 mortuo
896 1270 1004 1337 defecit
1029 1272 1132 1336 Caroli

108 1367 196 1445 Mag:
215 1358 358 1446 prosapia.

152 1454 245 1533 Hugo
261 1451 385 1533 quidam
399 1468 460 1510 non
475 1467 558 1529 mag:
581 1448 713 1509 nominis
737 1461 813 1529 tyro,
837 1419 917 1510 filius
933 1448 1059 1512 Roberti
1080 1469 1129 1512 co·
1141 1457 1288 1526 Hugoctte·

108 1539 192 1602 mitis
208 1539 322 1614 Montis
337 1534 482 1609 desiderii,
507 1535 587 1597 ultro
606 1556 662 1619 pro
687 1536 821 1599 Domino
838 1536 973 1599 duellum
991 1539 1128 1623 expetiit,
1139 1525 1276 1657 ffig‘ffll

108 1628 140 1689 ἃ
155 1642 382 1707 provocatorem
396 1623 554 1686 interemit.
668 1629 669 1633 ’
1141 1657 1269 1707 mm,

154 1712 331 1776 Ludovicus
347 1714 510 1793 Hugonem
525 1708 662 1773 heredem
679 1712 811 1798 reliquit.
1020 1760 1024 1782 ‚
1141 1720 1296 1772 Isenbardum

154 1804 247 1883 Hugo
257 1802 381 1873 alteram
391 1800 480 1861 filiam
490 1798 633 1861 Edwardi
644 1799 732 1862 duxit
741 1820 879 1873 uxorem,
892 1798 1037 1884 &genuit
1047 1800 1130 1862 Rod-
1143 1816 1190 1882 ᾗ

108 1889 241 1953 bertum.
272 1888 443 1950 Rodbertus
461 1888 633 1948 Henri'cum.
667 1888 813 1950 Henricus
836 1888 1018 1971 Philippum.
1061 1889 1132 1952 Phi·

110 1978 213 2061 lippus
226 1976 428 2049 Ludovicum,
453 1975 505 2057 qui
520 1993 600 2036 nunc
615 1975 646 2035 in
661 1977 784 2037 Francia
799 1992 914 2058 regnat.

154 2063 352 2127 Pleimundus
375 2058 608 2144 archiepiscopus
624 2065 766 2124 Cantuar:
793 2062 810 2125 ai
839 2066 935 2125 Roma
959 2063 1075 2128 rediens
1101 2066 1134 2129 in
1186 2074 1192 2095 ¹

110 2152 189 2217 urbe
204 2152 375 2214 Cantuariae
391 2170 452 2211 uno
466 2150 515 2211 die
531 2166 560 2232 7.
582 2146 739 2233 episcopus
754 2170 783 2228 7.
801 2150 924 2213 ecclefiis
939 2153 1098 2215 ordinavit.

155 2236 300 2321 alfredus
314 2260 377 2311 rex,
387 2236 563 2327 Edwardus
581 2258 635 2299 rex
645 2240 675 2301 dc
686 2239 883 2301 Adelwardus
897 2241 959 2319 ejus
970 2239 1024 2301 filii
1035 2236 1132 2325 sepul·-

108 2326 144 2391 in
159 2348 239 2390 novo
253 2325 408 2390 monaster:
424 2325 595 2388 Wintoniae.
968 2370 972 2376 .

156 2414 347 2479 Ethelsredus
368 2409 539 2474 seditionem
564 2413 600 2473 in
621 2410 824 2474 Ethelstanum
855 2420 960 2496 regem
978 2406 1133 2482 movebat.

110 2503 235 2568 Occasro
249 2500 501 2576 contradictionis,
526 2513 560 2560 ut
574 2497 682 2576 senuit,
706 2500 993 2587 quodEthelstanus
1007 2525 1046 2565 ex
1061 2525 1134 2566 con·

111 2593 226 2656 cubina
240 2583 326 2652 na'tus
340 2588 419 2650 eslet.

72 2733 77 2739 .
157 2677 333 2764 Ludualum
347 2697 450 2762 regem
461 2675 601 2740 omnium
615 2674 821 2752 wallensium,
843 2675 1074 2741 Constantinum
1088 2699 1134 2743 re·

108 2775 185 2851 gem
204 2769 393 2828 Scottorum
406 2765 509 2828 cedere
524 2765 627 2847 ‘regnis
659 2765 813 2848 compulit,
846 2786 923 2848 quos
952 2781 1049 2829 tamen
1072 2784 1135 2829 non

112 2853 213 2919 multo
227 2852 291 2936 post
308 2850 492 2917 miseratione
507 2851 649 2922 infiastus
671 2852 702 2916 in
726 2857 886 2936 antiquum
908 2852 1020 2916 statum
1038 2853 1092 2918 sub
1107 2851 1136 2917 se
1202 2851 1207 2856 ’

17 2998 20 3018 ι
112 2957 290 3026 regnaturos
308 2939 471 3016 constituit,
494 2940 648 3026 gloriosius
670 2942 726 3002 elle
749 2943 942 3023 pronuntians
965 2963 1067 3024 regem
1090 2938 1137 3004 sa·

17 3019 21 3040 ’
114 3051 192 3102 cere,
216 3051 310 3113 quam
324 3029 502 3114 regemesle.
1036 3109 1040 3118 .

158 3116 348 3182 Ethelstanus
371 3117 598 3180 Constantinum
623 3120 761 3180 Scottum
788 3119 819 3180 ἃ
840 3120 941 3180 Dauos
965 3117 1082 3183 nobiles
1104 3117 1136 3184 iu
1239 3186 1244 3195 ,

114 3205 196 3272 bello
209 3203 292 3290 apud
306 3202 492 3268 Bruneforde
504 3201 666 3269 interfecit.
1012 3227 1018 3238 ’

106 3331 109 3336 “
202 3319 306 3399 Versus
319 3315 449 3400 decerpti
458 3315 571 3418 pauci?
585 3317 684 3410 multis
699 3316 733 3380 dc
746 3316 876 3383 laudibus
886 3317 1056 3398 Ethelstaui,

510 3417 620 3469 mcerto
631 3415 744 3469 autore.

249 3508 403 3573 Extimuit
414 3509 529 3594 rigidos
542 3507 639 3574 serula
653 3509 817 3592 crepitante
830 3508 996 3592 magistros:
1066 3527 1069 3531 ’

245 3601 294 3660 Ex
309 3612 415 3680 potans
430 3599 521 3660 avidis
537 3597 680 3660 doctrina
694 3597 784 3670 mella
800 3597 948 3673 medullis,

249 3687 392 3750 Decurrit
404 3702 519 3756 teneros
535 3683 584 3748 sed
600 3705 659 3749 non
675 3683 828 3767 pueriliter
842 3705 947 3749 anuos.

161 3799 287 3860 Mortuo
303 3795 439 3860 Sidricio
463 3817 534 3880 rege
551 3793 752 3859 Northumbr:
774 3797 824 3856 cui
850 3795 1035 3858 Ethelslanus
1050 3814 1140 3858 uuam

117 3881 135 3946 ὲ
149 3881 300 3947 sororibus
311 3882 368 3970 suis
383 3885 413 3946 iu
425 3904 550 3947 uxorem
562 3885 691 3957 dederat,
711 3880 775 3968 ipse
789 3903 914 3964 regnum
930 3884 1055 3965 accepit.
1076 3885 1139 3945 ·Fu·
1239 3920 1242 3927 ·

117 3972 258 4056 gittone
278 3972 454 4054 Anilaphus
475 3971 553 4034 filius
569 3971 718 4034 Sichtricii
734 3972 766 4032 in
780 3973 963 4045 Hiberniam,
987 3971 1017 4046 ᾇ
1040 3970 1141 4032 Gode·

118 4055 215 4123 fridus
226 4058 317 4123 frater
331 4061 393 4140 ejus
408 4060 442 4122 in
452 4055 593 4138 Scotiam.
633 4055 790 4120 Subsecuti
798 4057 866 4121 sunt
878 4057 1024 4142 evestigio
1032 4059 1142 4141 regales

119 4145 197 4214 miffi
212 4148 250 4211 ad
261 4144 490 4212 Constantinum
500 4167 602 4232 regem
615 4144 800 4219 Scottorum,
819 4147 1026 4230 &Eugenium
1042 4165 1145 4228 regem

121 4236 325 4299 Cumbrorum
341 4232 528 4318 tra'nsfugam
543 4255 613 4296 curn
627 4233 853 4296 denuntiatione
879 4234 950 4296 belli
970 4246 1144 4315 repetentes.

121 4326 187 4400 Nee
200 4321 261 4396 fuit
276 4325 391 4395 animus
407 4323 541 4396 barbaris
554 4337 589 4391 ut
604 4340 710 4393 contra¹
723 4323 875 4405 mutirent,
892 4323 965 4410 quin
978 4318 1146 4473 pogusfine
1206 4365 1212 4374 .

104 4419 171 4453 ·²
462 4417 475 4420 ”
578 4417 580 4419 ’
796 4414 821 4418 ”
942 4408 1147 4479 rettaatiorre
1224 4462 1226 4465 .
