2934 4900
446 218 1250 307 ¹.Jonun1-snnnAuu1·

338 376 442 425 terrae:
466 360 496 421 ἃ
510 357 541 423 in
556 355 716 421 Readclire
729 354 887 419 dimidiam
908 370 1114 421 carrucatama
1145 359 1176 421 &
1190 359 1224 423 in
1242 360 1375 427 Gisbur·

338 450 410 519 ham
425 467 514 511 unam
531 466 647 529 carrae.
672 460 769 507 terrae.
812 440 916 507 Pulsus
941 441 1084 526 iCopsro
1097 443 1135 507 de
1160 449 1312 513 comitatu
1328 455 1372 515 O·

337 534 473 618 fulpbus,
488 534 518 597 in
534 534 650 599 fame&
664 530 790 617 egellate
801 529 888 613 sylvis
902 531 1059 595 latitans&
1069 535 1234 614 montibus,
1248 538 1370 603 tandem

340 622 472 693 collediis
494 642 572 705 quos
592 620 696 687 eadem
723 620 872 683 necessitas
896 620 1084 703 compulerat
1104 618 1200 700 sociis,
1220 626 1367 710 Copsrum

339 712 372 773 in
389 711 512 775 Webrin
534 706 697 783 concludit,
720 711 773 792 qui
799 708 877 771 inter
900 708 1118 774 tumultuantes
1140 712 1245 776 turbas
1270 713 1371 796 lapsus

198 820 209 851 a
229 821 260 852 ·1
281 822 305 854 2·
341 798 413 863 dum
428 800 532 861 lateret
544 799 575 860 iu
591 796 710 861 ecclesa
729 796 867 879 proditus
880 796 1020 861 incendio
1032 797 1159 861 ecclasroe
1173 801 1371 885 compellitur

339 888 379 949 ad
394 886 501 950 ostium
516 883 608 969 usque
624 886 793 967 procedere,
817 883 872 949 obi
896 883 929 949 in
950 883 1014 967 ipso
1036 884 1112 949 ostio
1125 890 1266 953 manibus
1280 888 1370 955 Osul-

339 976 393 1057 phi
409 976 604 1038 detruncatur
613 975 722 1057 quinta
735 971 904 1036 ebdomada
913 972 1057 1035 commissi
1069 978 1238 1051 comitatus,
1251 999 1287 1056 4.
1298 980 1371 1041 idus

334 1062 434 1125 Mart:
451 1065 527 1125 Mox
540 1058 675 1144 sequenti
689 1064 849 1123 Autumno
866 1061 896 1123 δε
916 1058 978 1142 ipse
992 1060 1156 1145 Osulphus,
1180 1085 1253 1127 cum
1268 1067 1300 1129 in
1315 1068 1371 1130 ob·

339 1153 377 1215 vii
393 1150 448 1214 srbi
468 1151 589 1213 latronis
614 1148 746 1213 lanceam
770 1168 900 1231 praeceps
915 1147 1052 1225 irrueret,
1075 1151 1145 1213 ilico
1157 1150 1310 1217 confossus
1325 1157 1369 1219 io·

339 1238 430 1301 teriit.
455 1230 528 1324 Qro
539 1252 658 1301 mortuo
674 1234 881 1318 Cospatritius,
893 1235 972 1299 filius
984 1237 1144 1313 Maldredi‚
1159 1238 1215 1303 filii
1229 1240 1369 1317 Crinani,

341 1326 545 1390 Wilbelmum
567 1346 669 1408 regem
690 1325 792 1387 adiens
813 1324 917 1386 multo·
928 1340 1068 1408 emptum
1092 1328 1217 1409 pecunia
1238 1328 1370 1415 adeptus

268 1419 271 1426 '
340 1414 382 1479 est
396 1416 571 1477 comitatum
594 1410 796 1477 Nortbumbr:
819 1414 898 1475 Nam
918 1433 957 1475 ex
978 1429 1115 1479 materno
1130 1412 1275 1499 sanguine
1301 1422 1371 1483 atti·

339 1503 429 1567 nebat
449 1502 487 1564 ad
507 1520 576 1563 eum
599 1500 697 1564 honor
718 1501 798 1563 illius
820 1500 989 1565 comitatus.
1035 1505 1110 1571 Erat
1121 1502 1205 1573 enim
1218 1524 1259 1568 ex
1274 1524 1371 1571 matre

340 1590 475 1673 Algitha,
492 1588 553 1651 filia
563 1589 686 1651 Uslredi
701 1589 826 1664 comitis,
843 1609 936 1671 quam
946 1589 1178 1675 habuitElgiva,
1188 1590 1250 1655 filia
1261 1596 1370 1661 Ethel-

339 1680 403 1741 redi
419 1680 508 1761 regis.
553 1681 638 1739 Hanc
652 1676 820 1760 Algytham
834 1691 917 1758 pater
936 1676 1020 1739 dedit
1042 1680 1074 1741 in
1096 1681 1273 1765 conjugium
1289 1683 1369 1747 Mul·

204 1822 220 1829 ..
339 1766 443 1843 dredo,
466 1764 530 1827 filio
545 1767 678 1828 Crinani.
725 1762 844 1827 Tenuit
858 1781 958 1827 autem
974 1762 1170 1848 Cospatritius
1183 1772 1370 1835 comitatum

341 1856 437 1917 donec
452 1856 479 1914 ei
496 1874 548 1915 rex
563 1851 702 1927 auferret,
725 1854 878 1933 imponens
897 1853 940 1915 illi
954 1854 1040 1935 quod
1060 1853 1182 1918 consilio
1204 1856 1235 1918 δε
1252 1860 1370 1924 auxilio

180 1982 301 2028 mm„
341 1941 426 2005 affuit
440 1942 505 2016 illis,
528 1944 582 2023 qui
596 1942 736 2003 comitem
751 1941 921 2004 Roberrum
935 1945 1057 2024 Cumyn
1072 1962 1145 2005 cum
1168 1941 1228 2006 suis
1252 1947 1287 2007 in
1301 1949 1369 2009 Du·

179 2031 440 2157 qqppqrpp-nelmo
465 2029 751 2179 pprqurperanft,'[lpctet
776 2025 838 2110 ipse
842 2026 985 2177 Ixpraesens
1001 2050 1070 2129 'non
1089 2027 1195 2182 {ogig
1205 2056 1214 2106 ς
1239 2033 1271 2095 8t
1295 2037 1370 2117 quia

323 2136 334 2146 ·
664 2138 672 2177 1
759 2135 828 2177 cum
873 2136 907 2178 or
940 2137 977 2178 an
1210 2140 1228 2180 a
1355 2158 1369 2172 ·

179 2176 259 2223 amur.
342 2132 489 2269 lbrldsrllrer.
506 2136 660 2288 olilruglsdnl1
663 2138 739 2287 eer
747 2204 785 2265 ad
798 2137 1011 2279 Malcolslrudll
1021 2139 1085 2269 ald:
1094 2140 1370 2290 multobdllnlllalll·

336 2296 440 2365 ⁴daiam
455 2294 575 2376 navigio
588 2293 682 2375 petiit.
728 2293 799 2365 Cui,
816 2292 881 2373 post
894 2292 1082 2376 aliquantum
1099 2310 1217 2378 tempus
1230 2299 1369 2363 Scotiam

339 2380 463 2459 reverso,
479 2381 599 2445 donavit
612 2381 639 2443 ei
655 2400 708 2445 rex
721 2376 907 2464 supradidlus
923 2381 1051 2445 Dunbar
1071 2403 1141 2447 cum
1161 2383 1368 2465 adjacentibus

298 2497 302 2504 ¹
340 2475 424 2536 terris
438 2473 468 2533 in
485 2469 647 2545 Lodeneio,
671 2469 709 2532 ut¹
732 2490 771 2532 ex
795 2469 853 2545 his,
875 2470 972 2555 donec
997 2471 1110 2540 laetiora
1136 2473 1266 2538 redirent
1293 2490 1367 2538 tem·

339 2580 422 2642 pora,
456 2555 485 2621 se
507 2555 632 2640 suosque
655 2570 837 2640 procuraret.
884 2558 942 2621 Sed
967 2579 1026 2622 non
1047 2560 1148 2623 multo
1169 2561 1237 2644 post
1259 2564 1368 2628 exaslo

343 2663 479 2728 tempore
493 2643 586 2728 usque
600 2646 638 2707 ad
653 2663 788 2708 extrema
809 2644 985 2723 infirmatus,
1008 2649 1109 2711 accitis
1124 2650 1162 2711 ad
1176 2648 1205 2711 sc
1217 2651 1367 2716 Aldwino

339 2737 369 2796 dc
384 2738 527 2818 Turgoto
551 2733 712 2808 monachis,
736 2734 790 2815 qui
814 2747 885 2796 tunc
906 2735 938 2796 in
957 2736 1080 2798 Mailros
1106 2757 1250 2820 pauperes
1276 2741 1367 2804 rebus

338 2825 368 2882 da
382 2819 484 2904 spiritu
510 2840 565 2903 pro
580 2818 697 2882 Christo
721 2819 879 2904 degebant,
902 2820 1080 2888 consessione
1106 2845 1298 2906 peccatorum
1321 2832 1365 2892 in·

339 2912 411 2972 rima
436 2905 608 2992 magnisque
635 2910 817 2991 poenitentia
838 2909 972 2972 lamentis
989 2915 1149 2974 terminans
1174 2917 1267 2980 vitam
1283 2916 1366 3000 apud

336 2996 528 3070 Ubbansord,
551 2998 635 3078 quod
655 2996 697 3060 est
718 2997 879 3071 Northam,
902 3001 934 3060 in
949 2997 1155 3080 ipsoecclesrae
1169 3005 1254 3066 exitu
1269 3003 1365 3088 sepul·

339 3101 387 3147 tus
402 3083 455 3148 est.
502 3086 633 3148 Dederat
646 3101 746 3148 autem
758 3087 800 3148 eis
815 3084 879 3145 duo
890 3084 1024 3149 Dorsalia
1037 3087 1168 3164 honesta,
1192 3106 1227 3152 ut
1238 3092 1272 3154 iu
1287 3114 1364 3176 quo·

338 3194 458 3256 cunque
473 3173 540 3236 loco
554 3172 653 3240 sedem
673 3172 816 3236 manendi
831 3174 997 3255 acciperent
1011 3198 1045 3239 ea
1060 3177 1171 3240 ibidem
1186 3179 1217 3240 in
1232 3175 1278 3243 sui
1300 3201 1363 3244 me·

335 3264 462 3326 moriam
473 3275 650 3343 reponerent
661 3281 667 3320 :
684 3283 755 3344 quae
768 3259 867 3323 adbuc
879 3261 1111 3328 inDunelmensr
1122 3262 1308 3330 reservantur
1319 3290 1365 3332 oc-

336 3349 432 3416 clesra.
468 3347 731 3431 IlleCospattitius
745 3349 787 3413 est
803 3363 886 3432 pater
901 3351 1061 3433 Dolpbini,
1075 3353 1237 3429 Walthevi,
1249 3357 1281 3418 ἃ
1291 3355 1363 3421 Cos·

336 3439 451 3521 patrici.
486 3435 557 3505 Post
581 3435 797 3519 Cospatritium
822 3439 910 3500 datus
938 3435 980 3502 est
1007 3438 1166 3509 comitatus
1190 3443 1362 3522 Walthevo,

336 3526 456 3590 Siuardi
470 3524 585 3589 comitis
600 3525 675 3601 filio,
697 3528 752 3610 qui
771 3528 799 3588 ei
827 3541 887 3591 tam
909 3547 950 3590 ex
965 3530 1068 3609 patris,
1091 3550 1186 3612 quam
1207 3531 1236 3591 8(
1258 3533 1362 3598 matris

195 3654 271 3687 aa,
293 3671 300 3687 ,
335 3613 471 3699 prosapia
486 3613 663 3679 debebatur.
707 3617 817 3678 Fuerat
840 3616 919 3676 enim
935 3616 1062 3681 siwardi
1087 3620 1204 3681 comitis
1226 3618 1310 3684 filius
1325 3642 1362 3689 ex

887 3725 909 3772 E

335 3790 397 3854 filia
413 3787 538 3866 Alsredi,
562 3791 715 3874 quondam
730 3791 858 3867 comitis,
882 3790 1012 3857 Alflerla.
1058 3797 1159 3876 Capto
1168 3794 1361 3877 postmodnm

330 3880 497 3943 ¹Walthevo
511 3879 661 3942 commissa
675 3879 717 3944 esi
728 3900 801 3942 cura
815 3881 973 3942 comitatus
982 3882 1147 3946 Walchero
1160 3881 1301 3968 episcopo
1315 3885 1361 3950 ul·

337 3989 397 4049 que
418 3968 456 4030 ad
478 3968 557 4032 diem
572 3969 726 4032 occisionis
741 3965 808 4033 suae.
853 3965 930 4030 Inde
946 3989 999 4031 rex
1014 3970 1097 4033 dedit
1120 3972 1201 4034 illurn
1217 3972 1361 4039 honorem

335 4055 453 4120 Albrio.
486 4060 560 4142 Qu
574 4057 605 4118 in
620 4057 707 4120 rebus
723 4054 894 4119 difficilibus
909 4077 1017 4139 parum
1030 4059 1159 4136 valente,
1172 4062 1360 4146 patriamque

333 4141 458 4219 reverso,
483 4144 561 4207 idem
577 4158 633 4206 rear
648 4144 838 4208 liudbertum
854 4145 892 4206 de
907 4145 1060 4222 Mulbreio
1075 4145 1207 4228 praesecit
1220 4151 1360 4212 comitem

227 4273 231 4284 ·
334 4231 651 4296 Northumbrenfibus.
689 4234 748 4295 Sed
763 4253 804 4293 eo
824 4249 912 4313 capto
936 4254 989 4296 rex
1012 4234 1183 4298 Guilelmus
1198 4237 1308 4312 minor,
1331 4240 1359 4302 8ι

335 4317 401 4401 post
414 4339 484 4384 eum
495 4341 549 4385 reu
558 4321 964 4389 chricusNorrhumbtiam
977 4320 1009 4386 in
1019 4319 1069 4388 sua
1083 4343 1173 4388 mauu
1185 4337 1356 4388 renuerunt.

857 4427 875 4474 2
1246 4411 1359 4493 Justiue
