2934 4900
208 226 277 306 ma
436 216 1180 301 Joaunrsannnuot·

319 412 325 420 ,
374 348 544 414 Richardus
567 347 596 413 le
613 349 734 412 Graunt
759 344 897 412 Lincoln:
925 345 1092 412 Cancellar:
1114 343 1301 414 mulctentur
1327 351 1359 420 in

334 434 508 521 episcopum
524 440 667 498 Cantuar:
1381 501 1383 515 1

239 519 241 529 '
377 527 529 588 Hubertus
543 523 581 584 de
601 527 704 604 Burgo
728 520 902 603 alienigena,
928 532 979 604 'per
994 543 1087 606 quem
1108 525 1202 588 Henr:
1219 544 1274 588 rex
1287 521 1362 587 fecit

335 635 429 697 regno
445 610 536 695 Angl:
552 609 649 672 multa
664 607 742 670 mala
753 611 781 672 81
794 611 990 674 intolerabilia
1005 612 1122 675 damna.
1162 615 1202 673 Et
1218 632 1272 673 rex
1285 609 1361 674 fecit
1416 627 1418 630 ’

169 707 232 781 1²²8·
243 727 299 771 ³19·
336 722 404 766 eum
419 699 502 763 suum
514 697 709 779 justitiarium
721 698 913 780 principalem
928 702 1017 762 totius
1030 700 1122 782 Angl:
1139 703 1168 761 u
1184 698 1284 781 postea
1296 700 1363 761 the·

334 787 509 852 laturarium.
555 783 715 868 Postquam
729 784 865 850 diabolus
886 783 985 870 ipsum
997 788 1167 850 Hubertum
1179 787 1364 850 exaltaverat

335 879 367 944 in
379 875 437 937 fine
450 876 561 936 adima
571 874 688 952 dejecit.
1462 945 1463 950 η

379 965 529 1037 Alienum,
541 959 623 1025 lotor
638 961 727 1044 regis,
750 960 899 1025 comitilia
911 960 1064 1034 Penbrolt,
1078 959 1181 1044 nupsit
1192 963 1307 1025 Simoni
1325 963 1366 1027 de
1462 961 1463 1038 l

336 1049 525 1124 Montelotti‚
549 1063 671 1131 propter
694 1049 777 1131 quod
801 1071 903 1113 omnes
927 1051 1102 1114 comites&
1125 1049 1254 1114 barones
1269 1051 1364 1132 pluri·
1462 1051 1463 1082 ³

336 1161 421 1204 mum
437 1138 679 1222 indignabantur.
724 1137 812 1199 Unde
829 1152 927 1199 totum
944 1157 1068 1220 regnum
1082 1135 1141 1198 fuit
1161 1153 1363 1203 commotum.
1462 1175 1463 1214 ;

337 1232 416 1300 Nam
441 1225 490 1288 illa
512 1241 617 1286 votnm
638 1238 706 1286 ante
732 1223 870 1288 castitatis
893 1222 1011 1288 solenne
1039 1222 1158 1286 fecerat·
1175 1234 1274 1288 coram
1298 1226 1365 1288 Ed·
1462 1239 1463 1272 l

339 1314 454 1377 mundo
468 1318 612 1376 Cantuar:
658 1311 716 1373 Sed
731 1312 835 1378 Simon
846 1315 975 1378 Romam
989 1313 1127 1396 perrexit,
1144 1314 1173 1375 8<
1189 1311 1367 1396 nuptiarum
1462 1345 1463 1370 t

339 1404 484 1464 rationem
499 1400 682 1462 confirmavit
697 1420 748 1480 per
763 1416 849 1482 pontt
866 1403 924 1462 Ro.

315 1529 332 1559 s
357 1539 361 1546 .
383 1492 473 1551 Anno
485 1493 526 1550 D.
541 1507 634 1572 1239.
650 1488 809 1552 Eduardus
820 1491 896 1571 regis
906 1489 1120 1572 primogenitus
1129 1503 1219 1555 natus
1230 1487 1271 1552 est
1282 1489 1366 1572 apud

341 1575 579 1638 Westmonaster:
646 1591 649 1594 ’
932 1608 940 1614 ·
1219 1593 1221 1602 ’

355 1713 360 1722 .
383 1668 474 1729 Anno
498 1667 539 1727 D.
567 1680 660 1745 1243.
681 1665 809 1742 Joannes
825 1660 969 1740 Maunsel,
990 1665 1114 1726 clericus
1135 1665 1259 1727 Domini
1276 1665 1366 1748 tegis,

341 1753 416 1813 dum
431 1750 590 1814 animosius
604 1749 743 1814 omnibus
759 1752 822 1812 aliis
832 1787 833 1790 =
845 1749 989 1833 quosdam
1004 1753 1035 1814 in
1050 1753 1187 1836 quodam
1201 1751 1295 1814 castro
1308 1753 1367 1814 ob.

341 1837 425 1902 {ellos
441 1837 600 1915 infestaret,
620 1838 730 1902 ferend
745 1855 873 1904 mortem
889 1839 1060 1902 vulneratus
1075 1837 1127 1904 est.
1165 1840 1257 1910 Unde
1268 1837 1368 1906 ladius

341 1927 383 1993 est
399 1930 473 2010 regis
488 1926 649 1990 familiaris.
1278 2003 1281 2012 γ

178 2048 258 2096 Annas
272 2045 300 2092 de
385 2016 488 2077 Abbas
499 2017 538 2076 de
552 2016 688 2077 Wardon
702 2013 811 2077 eladius
827 2013 1062 2077 aCardinnlibus
1073 2020 1131 2078 Ro:
1147 2017 1176 2078 in
1191 2013 1369 2100 episcopum
1462 2095 1463 2098 Ἴ

179 2111 286 2160 wardon
298 2126 323 2155 e·
342 2105 402 2164 Ro:
415 2104 471 2170 Sed
484 2101 578 2184 ipsum
590 2119 711 2185 propter
726 2104 910 2184 imperatoris
925 2118 938 2151 ²
949 2131 973 2178 Λ
986 2125 1045 2166 non
1060 2119 1223 2186 potuerunt
1234 2105 1368 2166 habere:

179 2175 324 2307 ffifflf
342 2193 372 2251 nc
392 2188 432 2250 lic
453 2191 607 2272 elegerunt
621 2189 828 2264 Senebaldum,
851 2193 905 2271 qui
918 2193 1108 2254 Innocentius
1123 2209 1246 2273 quartus
1263 2191 1369 2270 didius

177 2311 327 2363 Romanum.
343 2276 393 2341 en.
432 2279 499 2340 Hoc
514 2276 772 2359 ternporeDarid,
808 2281 941 2360 princeps
956 2280 1082 2354 Walliae,
1107 2279 1199 2341 movit
1223 2298 1368 2360 guerram
1462 2343 1463 2370 p

342 2381 445 2440 eontra
455 2387 553 2448 regem
565 2365 658 2448 Angl:
674 2369 714 2428 Et
729 2365 807 2428 idem
824 2367 968 2448 princepe,
992 2365 1082 2429 effusa
1097 2387 1159 2429 non
1180 2367 1298 2428 modica
1314 2387 1368 2448 pe-

342 2458 439 2529 cunia,
464 2454 481 2515 a
495 2452 612 2517 summo
629 2455 770 2537 pontifice
785 2455 817 2517 in
842 2456 1049 2537 praejndicium
1068 2457 1144 2538 regis
1159 2456 1251 2537 Angl:
1267 2456 1384 2530 literas,

342 2545 511 2625 impetravit
536 2534 571 2605 ut
594 2558 704 2604 tetram
717 2539 798 2605 suam
814 2542 851 2605 de
866 2544 946 2625 Papa
961 2558 1081 2621 teneret,
1105 2542 1155 2606 sed
1172 2542 1300 2605 finaliter
1314 2564 1368 2627 pe·

345 2631 465 2693 cuniam
481 2628 562 2691 luam
577 2630 716 2714 perdidit.

338 2719 340 2724 ’
386 2723 446 2782 Mt.
462 2720 554 2801 Niger
568 2715 723 2799 episcopus
738 2716 878 2782 London:

388 2810 539 2894 Anno-D!
567 2826 661 2882 1247·
681 2805 808 2867 Ecclesia
826 2809 855 2869 S.
870 2802 1037 2887 Myldredae
1052 2806 1193 2869 Cantuar:
1211 2806 1370 2873 combusta

345 2891 386 2956 est
401 2914 468 2955 cum
486 2914 593 2975 magna
609 2909 693 2975 parte
707 2894 843 2955 civitatis.

354 3048 357 3054 ,
389 2983 503 3046 Eodem
520 2998 653 3064 tempore
666 2980 780 3045 decima
796 3002 847 3064 per
862 2980 1025 3044 triennium
1043 2983 1176 3045 omnium
1200 2980 1301 3045 eccles:
1322 2998 1370 3046 to-

332 3062 405 3145 'tius
415 3071 504 3152 Angl:
516 3064 650 3134 concella
664 3068 803 3132 estAleu:
816 3091 847 3145 4.
863 3084 948 3151 pont:
961 3074 1018 3131 Ro:

553 3175 589 3223 <A
606 3174 654 3223 nila
1213 3188 1220 3203 ⁸

388 3245 493 3305 Petrus
513 3242 552 3304 de
567 3191 648 3326 Airai
664 3240 787 3305 blancha
809 3239 963 3327 episcopus
986 3240 1165 3307 Herforden:
1193 3256 1373 3327 procurator

347 3333 468 3401 Hentici
485 3351 514 3411 3.
530 3333 561 3392 in
574 3331 656 3395 cutia
667 3335 725 3393 Ro.

391 3418 538 3484 Henricus
558 3418 637 3482 lilius
652 3418 797 3495 Richatdi
814 3420 931 3481 comitis
951 3418 1110 3483 Cornubiae
1138 3420 1176 3482 de
1198 3416 1250 3482 sua
1273 3420 1389 3503 prima

347 3527 444 3573 uxore
458 3507 603 3569 comitilia
614 3506 795 3571 Gloteruiae.

185 3604 243 3673 rag.
257 3621 313 3666 320.
393 3598 482 3657 Anno
508 3597 549 3657 D.
577 3598 669 3672 1248.
686 3598 855 3657 maximum
876 3591 987 3657 bellum
1013 3590 1072 3655 fuit
1097 3595 1172 3657 inter
1196 3594 1314 3676 Anglon
1341 3595 1370 3655 a

349 3678 523 3838 {Vallesnsen
557 3682 677 3766 inquo
701 3684 809 3765 proelio
834 3680 1009 3745 interfedius
1032 3678 1091 3743 fnit
1117 3686 1158 3745 D.
1183 3683 1312 3765 Egidius
1332 3682 1369 3743 de

377 3770 442 3837 edle
454 3792 528 3834 mer:
1180 3788 1181 3793 ¹

189 3878 250 3925 Gun
265 3876 294 3925 de
392 3863 484 3920 Anno
509 3862 549 3921 D.
575 3876 668 3941 1250.
684 3860 715 3921 in
736 3873 813 3921 terra
834 3856 941 3919 Sanlla
964 3857 1041 3939 inter
1057 3853 1314 3919 aliosinterfedlus
1328 3852 1370 3917 est

184 3945 273 4007 Longa
351 3947 424 4009 Gnl:
440 3947 478 4007 de
500 3949 606 4028 Longa
623 3950 713 4027 Spata
727 3946 812 4008 miles
825 3946 970 4027 egregiae,
994 3946 1048 4028 qui
1061 3961 1184 4009 centum
1198 3946 1227 4006 &
1242 3943 1370 4025 amplius

187 4014 291 4083 lllffl‘
349 4056 388 4102 ex
404 4032 512 4104 Chrilli
535 4030 704 4103 adversariis
723 4054 815 4104 mann
830 4034 950 4119 propria
971 4033 1130 4095 interemit.
1173 4032 1370 4095 Membratim

384 4252 397 4281 ¹
409 4250 445 4298 Sic
454 4250 477 4297 in
492 4249 555 4302 MS.
570 4250 653 4302 inurar
662 4258 741 4320 uenale
751 4248 797 4304 des
813 4257 864 4301 nata
875 4263 952 4297 vatem
964 4237 1092 4313 definient,
1109 4260 1175 4312 qnam
1186 4254 1264 4298 lamen
1276 4264 1318 4297 non
1330 4245 1371 4294 aa.

342 4318 400 4386 jail
410 4316 532 4373 Mandu&
641 4309 656 4337 κ
1109 4334 1113 4345 ’
1131 4313 1138 4325 ·

346 4436 356 4447 .
1259 4378 1368 4446 cecidit
