2934 4900
158 208 963 325 A'nrrnonnirconnscsansi:
1125 224 1196 324 ¹95³

94 382 254 539 Ethelbr31d
269 429 349 495 lilius
362 432 440 515 regis
455 426 590 515 praedicti
604 428 741 524 regnavit
753 444 784 512 ς.
794 430 888 507 mnis,
900 426 1070 533 &sepultus
1108 382 1124 407 ’ἡ

56 564 180 649 estapud
195 560 422 647 Scyreburnam.

94 650 274 735 Edelbright
288 648 377 712 frater
390 650 454 731 ejus
469 669 534 733 reg:
553 667 582 733 ς.
598 649 694 726 annis,
709 647 795 729 cujus
809 648 901 713 duces
914 651 943 711 8ι
956 646 1073 714 exerci·'

29 736 31 743 ’
57 759 101 806 tus
110 746 207 804 Dacos
222 736 448 823 viceruntapud
463 736 659 799 Winchestre.
1067 781 1069 786 -

94 828 253 895 Ethelrede
273 823 361 889 frater
380 844 482 889 eorum
500 840 529 905 ς.
553 826 636 885 annis
652 824 681 884 8<
697 823 788 905 paulo
802 822 880 905 plus,
894 821 948 908 qui
962 841 1068 890 contra

57 920 148 981 Dacos
162 912 242 997 apud
256 914 376 999 Reding
390 930 460 975 cum
475 908 564 973 fratre
578 908 632 974 suo
646 908 722 973 mire
735 910 882 989 conflixit.
924 945 929 953 ·

94 1001 231 1066 Alfredus
246 999 337 1063 frater
351 1002 414 1083 ejus
428 1019 493 1082 reg:
505 1001 559 1063 28.
575 999 657 1061 dunis
668 1000 698 1059 8<
708 998 780 1061 dim.
796 1000 834 1063 de
844 1020 908 1085 quo
917 999 992 1066 nihil
1003 1000 1069 1065 bre·

56 1092 125 1157 viter
138 1089 198 1153 dici
214 1087 318 1171 potest,
341 1090 413 1171 quia
424 1086 520 1149 multa
532 1082 601 1148 fecit
616 1086 646 1147 a
660 1085 804 1149 miranda.

95 1177 260 1241 Edwardus
275 1175 353 1237 filius
368 1170 482 1237 Alfredi
496 1193 560 1258 reg:
576 1192 629 1251 24.
645 1173 739 1251 annis,
762 1176 791 1236 dr
807 1174 953 1260 pugnavit
966 1190 1071 1238 contra

57 1266 148 1329 Dacos
162 1266 194 1329 in
205 1263 426 1337 Northumbre‚
450 1264 479 1323 ac
499 1263 531 1328 in
546 1258 705 1345 egreffione
728 1264 829 1325 Merce
853 1262 924 1327 vicit
940 1284 990 1325 eos
1003 1263 1083 1347 glo-1

59 1350 136 1429 riosc,
160 1354 190 1415 dc
205 1350 315 1415 occidit
327 1370 410 1435 reges
423 1347 525 1413 fortes.
571 1351 650 1413 Vicit
664 1368 788 1436 quoque
798 1354 896 1415 Dacos
906 1350 988 1435 apud
1003 1356 1070 1417 To·

61 1442 204 1515 tenhaule,
229 1440 259 1501 a
273 1438 450 1521 conquisivit
472 1440 584 1502 Merce.

94 1528 251 1592 Adelllnne
266 1524 344 1609 filius
356 1525 499 1589 Edwardi
512 1546 573 1611 reg:
589 1544 640 1604 14.
656 1524 749 1603 annis,
763 1526 818 1610 qui
832 1524 902 1591 fecit
913 1548 993 1591 max:
1003 1526 1069 1591 bel·

57 1618 116 1681 lum
130 1616 212 1699 apud
223 1612 444 1697 Brunelburgh.

96 1701 271 1767 Edmundus
285 1700 365 1765 filius
378 1697 542 1763 Athelstani
557 1720 619 1785 regz
637 1700 669 1764 6.
681 1698 764 1762 annis
779 1701 809 1762 a
823 1698 896 1765 dim.
917 1703 972 1787 qui
985 1700 1071 1785 super

57 1794 148 1855 Dacos
168 1810 199 1874 ς.
216 1790 404 1877 urbescepit,
428 1786 579 1851 &eisdem
604 1786 690 1851 riuis
710 1790 947 1853 Northumbram
966 1792 999 1855 in
1015 1791 1070 1854 do·
1103 1818 1109 1826 ¹

59 1880 145 1943 minio
160 1879 268 1945 tenuit.
335 1928 339 1945 .
685 1922 686 1929 .
1233 1922 1237 1930 .

95 1968 232 2029 Edrcdus
247 1962 337 2027 frater
352 1962 506 2027 Edmundi
521 1980 584 2047 reg:
610 1983 642 2046 9.
658 1964 751 2040 anuis,
774 1964 804 2026 ἃ
830 1984 933 2030 omnes
954 1964 1071 2051 Angtae

59 2073 148 2137 partes
158 2051 284 2117 feliciter
297 2052 442 2115 obtinuit.
1133 2084 1136 2087 ⁴

94 2143 183 2205 Edwi
195 2140 274 2205 filius
289 2138 446 2203 Edmundi
459 2157 521 2222 reg.
536 2156 569 2217 4.
585 2137 678 2202 annis.

96 2229 251 2313 Eadgarus
266 2228 341 2290 lilius
355 2226 511 2289 Edmundi
525 2246 590 2309 reg.
607 2246 657 2307 15.
673 2227 758 2289 annis
771 2226 902 2311 pacifice,
918 2227 1072 2312 &glorio-
1100 2264 1105 2271 ·

61 2310 111 2381 llus
126 2316 189 2381 aliis
205 2316 344 2378 omuibus
359 2316 527 2393 imperavit.
648 2368 650 2372 ,

96 2402 263 2472 Edwardus
278 2402 357 2465 filius
367 2418 421 2464 rex
435 2420 497 2484 reg.
517 2414 547 2482 ς.
562 2399 657 2464 annis.

450 2533 500 2594 Ex
501 2529 590 2613 sexto
603 2529 670 2596 libr.

97 2643 188 2705 Anno
201 2641 244 2702 D.
269 2655 362 2702 1002.
380 2637 558 2702 Ethelredus
579 2653 632 2699 rex
646 2634 783 2702 Lelsium
802 2638 912 2706 ducem
931 2642 1072 2723 exulavit,

63 2729 129 2814 quia
144 2724 220 2791 Ellic
233 2725 311 2808 regis
325 2724 527 2790 vicecomitem
542 2721 739 2790 interfecerat.

100 2811 276 2880 Exancestre
289 2811 413 2898 spoliata
428 2811 457 2876 δι
473 2810 588 2876 incensa
610 2815 747 2890 toanis,
771 2819 801 2878 dt
819 2820 979 2902 Hugonem
996 2810 1157 2885 Nor-³⁰3⁰
1170 2814 1237 2866 Nos·
1297 2851 1304 2858 ·

63 2923 209 2976 mannum,
221 2891 312 2986 qtlem
327 2905 433 2964 Emma
444 2905 547 2986 regina
554 2893 760 2966 vicecomitem
770 2904 882 2970 ibidem
897 2906 1072 2988 instituerat,
1082 2894 1227 2992 ffisussffi

63 2990 256 3075 inpernitiem
270 3007 492 3073 compegerunt.
626 3018 630 3028 ¹
1081 3008 1213 3062 modim·

101 3077 233 3144 Alfricus
248 3077 313 3140 dux
334 3077 602 3160 Hamptunensrum
616 3079 646 3142 dr
661 3076 898 3144 wiltunensium
918 3079 1035 3168 fingens
1046 3079 1123 3152 Μ’·
1227 3079 1237 3088 ”

19 3167 21 3174 ’
67 3182 211 3252 agrotum
224 3165 342 3249 Anglos
357 3167 447 3228 Dacis
459 3165 601 3249 prodidit.

102 3258 192 3318 Anno
204 3274 237 3332 4.
251 3250 403 3316 Ethelredi
420 3255 518 3315 swein
531 3254 666 3335 Norwics
683 3253 913 3337 depraedavit&
925 3257 1069 3331 incendit.

103 3339 281 3405 Wulfketeil
297 3342 361 3403 dux
374 3339 582 3424 Estanglorum
597 3339 615 3404 ὲ
629 3345 722 3406 Danis
737 3343 843 3407 vidus.

105 3433 194 3494 Anno
210 3431 242 3491 6.
258 3427 412 3491 Ethelrcdi
430 3431 510 3492 Dani
536 3427 649 3513 praedas
668 3431 700 3492 in
724 3433 909 3496 Barrucihine
923 3433 1006 3520 apud
1019 3435 1078 3498 Re·

462 3532 492 3582 eh

68 3600 145 3686 dmg,
168 3599 389 3684 walingeford,
413 3601 569 3663 Esendnne
583 3603 614 3669 dt
629 3601 882 3666 Chichelmellaue
895 3605 1033 3690 agebant.
1086 3627 1197 3680 chtctei·

106 3693 195 3752 Anno
206 3709 236 3768 7.
254 3689 407 3752 Ethelredi
422 3688 548 3752 Edricus
564 3690 699 3771 proditor
712 3689 809 3753 factus
823 3686 865 3754 est
876 3690 941 3756 dux
951 3699 1062 3760 Menae.
1084 3695 1193 3746 ΜΦ

107 3775 244 3841 Wulnod
260 3777 367 3840 nobilis
382 3795 454 3860 puer
470 3774 602 3840 Sudsexe
614 3778 728 3840 exulat.
1003 3838 1007 3845 ,
1087 3811 1144 3878 ht·
1156 3823 1212 3857 Μ,

108 3864 241 3928 Wulnod
259 3865 369 3945 praedas
384 3867 447 3947 agit
462 3868 538 3927 circa
549 3868 661 3930 littora.

109 3953 221 4016 Brithic
243 3949 333 4034 frater
347 3952 447 4016 Edrici
470 3955 553 4016 ducis
572 3955 673 4016 Merce
694 3951 778 4015 clalle
792 3951 980 4019 Wolnodum
995 3977 1077 4044 mag:

68 4035 241 4121 insequitur,
264 4037 313 4102 sed
327 4038 417 4102 clalsts
434 4039 602 4124 tempestate
617 4041 655 4104 ad
668 4040 752 4104 littus
762 4039 898 4122 tejetla«

112 4126 245 4204 Wolnod
261 4129 370 4194 bonam
387 4145 499 4210 partam
514 4127 604 4192 claffis
621 4130 653 4192 in
668 4131 768 4192 littore
778 4129 921 4195 incendit.

111 4215 203 4277 Anno
218 4235 248 4294 9.
261 4216 413 4278 Ethelredi
424 4213 568 4298 Oxlordd
584 4219 677 4280 Danis
689 4214 793 4280 incens
808 4264 815 4280 .

113 4302 188 4366 Dux
203 4304 331 4369 Delficus
344 4305 373 4366 dt
387 4303 487 4368 Alnul
504 4303 621 4388 derling
637 4319 742 4369 contra
756 4304 965 4370 Edmundurn.
1053 4388 1074 4452 d

503 4392 609 4454 Bba
1025 4391 1087 4460 E·
