2934 4900
227 212 272 291 tt
532 192 1225 314 Joauu1stauauor

202 412 273 451 ¹¹⁰⁰·
366 423 453 487 sterio
468 424 617 509 supererat
631 432 663 491 in
676 426 746 492 usus
760 432 896 513 proprios
909 432 1068 493 convertit.

411 518 555 579 Tandem
568 530 634 579 orta
647 518 725 580 inter
739 538 838 600 regem
854 518 1015 581 Henricum
1030 520 1059 579 ἃ
1080 494 1248 581 Robertum
1270 512 1399 578 fratrem

199 337 265 385 An0·
281 338 314 383 D·
409 337 478 401 Post
492 338 559 403 haec
579 361 678 409 comes
692 343 865 407 Meritoniae
889 344 920 404 ἃ
935 342 1106 419 Coruubiae‚
1131 340 1215 429 quod
1238 339 1271 404 in
1286 360 1397 405 mona·
1429 324 1456 361 ²¹

367 603 431 682 ejus
447 602 602 678 discordia,
626 625 725 667 comes
741 608 938 668 incarceratus
954 621 1092 668 mortuus
1111 605 1164 681 est,
1187 606 1218 668 8<
1233 602 1286 667 tali
1301 603 1401 667 modo
1455 630 1456 637 ¹

369 688 496 752 ecclcsrae
510 690 641 773 pollesfio
655 692 686 753 in
701 694 779 773 regis
791 682 961 755 devolvitur
976 695 1141 777 proprium.
1233 752 1238 769 .,

203 766 340 886 {Zm-
418 776 476 842 Sed
499 778 563 859 P0st
586 780 648 842 Μ
674 781 801 863 quidam
822 780 950 865 Algarus
969 782 1041 843 ‘dum
1063 780 1252 844 conniventia
1266 774 1404 863 episcopi
1455 784 1456 789 ’

204 851 472 953 Ηωῇῖςξξξῖἶὲκοη.
493 866 568 929 Gul:
583 867 732 930 Warwest
752 868 885 931 obtinuit
906 868 1055 931 licentiam
1082 866 1100 931 ὲ
1124 888 1205 951 rege,
1229 882 1266 929 ut
1293 866 1405 930 eadem
1455 874 1456 877 ’

366 953 490 1033 'ecclesia
504 955 615 1039 Regul:
627 956 775 1019 dicaretur
786 953 967 1039 disciplina:
983 974 1043 1039 qua
1051 956 1186 1033 obtenta,
1198 956 1313 1039 incepit
1323 954 1406 1017 ordo

370 1046 488 1105 Canon:
504 1044 612 1126 Regul.
629 1044 658 1105 dc
675 1040 904 1126 perseveravit’in
923 1044 1004 1106 hunc
1019 1044 1109 1107 diem.
1194 1040 1195 1045 ἵ

412 1131 472 1192 Cui
483 1128 620 1213 episcopo
632 1152 688 1193 rex
701 1128 906 1195 fundationem
917 1132 1006 1215 hujus
1019 1128 1173 1197 monaster.
1185 1126 1318 1196 contulit
1328 1150 1406 1195 eum

370 1214 428 1279 srtu
444 1220 571 1281 &terris
587 1218 699 1283 vicinis.
1182 1266 1216 1279 ..
1260 1266 1264 1273 -

417 1309 547 1456 {oannes
567 1324 620 1370 rex
634 1306 719 1371 dedit
731 1311 852 1375 Canum
868 1310 898 1373 S.
914 1308 1031 1371 Petroct
1050 1312 1236 1390 Daue-meyr
1268 1306 1301 1369 in
1324 1308 1408 1369 Cor·

373 1413 415 1456 nu
440 1414 478 1457 ta.
1205 1416 1210 1455 1

208 1479 358 1555 [corant-J>
607 1457 821 1547 s'retvardretb
836 1484 934 1547 Prior.
952 1480 1029 1565 [ord.
1046 1483 1145 1561 Clam]

419 1590 461 1651 D.
477 1586 514 1650 de
529 1586 663 1651 Dinham
678 1589 792 1670 primus
815 1584 969 1652 fundator.
1015 1588 1109 1668 Cujus
1124 1586 1246 1669 heredes
1260 1583 1408 1649 vendide-

375 1689 447 1737 tuut
457 1675 507 1755 jus
523 1689 698 1757 patronatus
712 1674 864 1737 Richardo
878 1675 986 1757 primu.

420 1762 570 1825 Robertus
591 1763 793 1826 Fitzwilliams
806 1760 938 1844 sepultus
951 1764 983 1824 in
997 1760 1116 1823 ecclelia
1130 1776 1200 1825 ante
1220 1760 1413 1826 crucifixum.

377 1847 436 1911 fuit
449 1860 490 1912 ι’.
503 1849 657 1915 fundator.
679 1851 813 1937 Qidam
823 1851 1021 1917 exDinamiis
1032 1851 1121 1913 duxit
1131 1852 1162 1915 iu
1171 1871 1302 1915 uxorem
1314 1868 1415 1913 unam

376 1958 416 2000 ex
429 1937 499 2001 filiis
512 1939 711 2003 Fitzwilliam.

212 2043 351 2114 [Cornua]
381 2125 385 2132 ἡ
516 2046 658 2123 Launllon
671 2046 771 2108 Prior.
787 2042 848 2109 ord.
868 2043 897 2108 S.
911 2046 990 2129 Augt
1009 2044 1099 2123 [Com.
1117 2040 1258 2121 Cornan]
1377 2118 1382 2125 Ι

421 2133 556 2195 Primum
576 2146 661 2194 erant
681 2135 796 2195 Canon:
821 2130 971 2195 seculares
994 2149 1062 2195 aute
1086 2129 1290 2213 Conquestum
1313 2131 1345 2193 in
1361 2152 1411 2193 ec·

378 2217 465 2289 clesia
480 2222 512 2291 S.
524 2219 668 2303 Stephani
679 2220 710 2283 in
721 2218 920 2283 Launceston.
937 2218 1057 2283 Deinde
1069 2220 1144 2283 Gul:
1154 2216 1320 2281 Warweste
1331 2216 1411 2302 epis·

321 2361 323 2366 .
378 2328 473 2391 copus
499 2306 676 2372 Exoniensrs
702 2308 850 2373 transtulit
874 2308 975 2371 locum
1000 2308 1070 2385 alio,
1093 2309 1124 2370 ἃ
1147 2310 1264 2371 Canon.
1291 2307 1407 2391 Regul.

379 2396 512 2461 induxit.

425 2483 550 2564 [Camd.
578 2487 650 2570 196.
674 2484 859 2570 Reginaldus
884 2505 929 2548 co:
952 2485 1114 2548 Comubiae
1134 2479 1285 2548 transtulit
1309 2485 1412 2548 Cano·

247 2576 253 2606 ²
379 2574 464 2636 nicos
478 2575 510 2635 in
525 2573 736 2637 monasterium
750 2571 970 2636 Monachorum
989 2575 1034 2635 a⁰.
1049 2592 1144 2657 ¹¹50·

271 2702 307 2734 am
329 2715 336 2734 .
445 2681 598 2744 Wborwess
607 2685 805 2764 monasterium
815 2707 883 2748 com.
896 2682 1154 2764 Hampt.fundot.
1167 2682 1249 2768 pirca
1265 2701 1345 2764 979.

426 2781 532 2843 Camd.
550 2779 624 2845 262.
641 2782 778 2848 AElfritha
794 2786 907 2867 Regina
925 2785 1020 2866 prima
1034 2779 1211 2856 fundatrix,¹
1225 2797 1261 2844 ut
1275 2783 1413 2864 expiaret

381 2868 581 2953 gravissimum
604 2870 700 2932 scelus
724 2872 755 2934 in
776 2871 907 2934 tollendo
928 2872 1018 2931 Edw=
1046 2889 1150 2953 regem
1172 2869 1246 2952 privi
1272 2889 1358 2943 num,
1384 2868 1413 2932 δι

382 2957 493 3019 caedem
511 2957 701 3042 Athelwoldi
714 2961 834 3022 comitis
850 2958 1018 3022 nobilissimi
1033 2958 1120 3040 primi
1135 2958 1235 3020 mariti
1247 2889 1302 3030 sti,
1318 2977 1413 3040 quem

384 3045 522 3128 Edgarus
546 3066 600 3108 rex
623 3047 683 3110 huc
705 3031 831 3110 versandi
847 3049 941 3130 gratia
963 3061 1117 3109 evocatum
1140 3043 1302 3119 transfixit,
1326 3042 1414 3128 quod
1455 3047 1456 3050 ’

304 3136 308 3141 “
383 3132 441 3197 libi
454 3135 486 3194 in
501 3137 652 3196 amatoriis
672 3133 800 3197 consiliis
818 3134 955 3207 illusisset,
980 3137 1009 3195 dt
1033 3133 1109 3194 hanc
1126 3130 1300 3202 AElsritham
1313 3128 1418 3196 forma

383 3219 643 3307 praestantislimam
658 3223 742 3285 malis
759 3224 873 3286 artibus
885 3221 941 3285 srbi
955 3221 1161 3306 praeripuisset

222 3361 226 3372 ·
239 3337 341 3397 Haupt.
708 3324 870 3408 Redbridge
884 3323 1095 3404 mortasterinm.

372 3431 377 3438 ·
433 3410 539 3474 Camd.
568 3413 643 3475 262.
668 3410 882 3476 Mouastetium
905 3413 942 3472 de
966 3407 1119 3494 Redbrige
1143 3403 1299 3471 enascente
1321 3411 1415 3471 Saxo·

389 3502 456 3561 nica
471 3499 592 3562 ecclesra
601 3498 772 3574 fundatum,
784 3501 869 3582 cujus
883 3499 974 3562 abbas
986 3497 1153 3581 Cymberth
1163 3497 1327 3576 baptizavit
1339 3495 1415 3558 duos

353 3636 356 3645 .
389 3586 497 3649 iratres
514 3589 655 3668 puerulos
670 3587 802 3667 Arvandi
820 3589 899 3672 regis
917 3587 1018 3650 Vestis
1038 3583 1185 3648 carnificis
1204 3603 1327 3648 manum
1339 3584 1416 3664 jam·

384 3676 452 3754 jam
465 3673 628 3740 subituros.

244 3763 347 3824 tlampt.
473 3809 479 3817 .
728 3765 853 3826 Wnton:
866 3759 977 3837 ecclelia
993 3761 1077 3826 cath.

436 3852 543 3916 Camd.
561 3855 636 3935 265.
660 3851 844 3914 Wilhelmus
860 3847 1336 3933 Wickhamepiscopuslffiuton.
1351 3846 1416 3932 funa

391 3939 476 4001 davit
489 3942 648 4004 occiduam
672 3937 800 4001 ecclesrae
824 3954 939 4022 partem
965 3939 983 4000 a
1011 3938 1106 4001 choro
1125 3937 1254 4022 eleganti
1280 3938 1418 4018 opere&

393 4047 504 4110 magno
514 4024 647 4111 sumptu,
677 4029 708 4089 in
723 4029 809 4108 cujus
825 4028 925 4092 medio
939 4029 1016 4092 inter
1030 4025 1271 4102 duasoolumnas
1286 4027 1418 4102 cernitur

249 4195 351 4261 Haml‘·
394 4115 650 4200 'Pfiusmmfflus'
696 4201 890 4286 Hospitalede
905 4201 1112 4286 Portesmoutb.

437 4292 542 4356 Camd.
559 4296 636 4359 268.
652 4294 758 4359 Petrus
773 4293 810 4358 de
829 4287 973 4378 Rupibus·
983 4290 1137 4378 episcopus
1148 4290 1290 4358 Winton.
1309 4289 1419 4373 primus

393 4378 565 4460 fundaton]
1026 4445 1031 4452 ,
1295 4375 1418 4458 Godstow
