2934 4900
206 235 273 304 260
435 183 740 308 Jonnnr's
792 221 1117 288 ornarant

281 350 285 358 ⁵
328 373 410 428 eeret
422 378 509 422 canes
520 360 690 429 venatorios
705 358 735 418 δι
748 355 893 418 volucres.
939 356 998 416 Cui
1013 374 1068 417 rex
1082 355 1267 418 Noricorum
1281 353 1374 420 misit

329 471 446 523 navem,
470 446 564 509 rostra
586 448 720 507 aurea&
745 443 844 506 velum
864 463 1052 526 purpureum
1073 441 1234 506 habentem
1249 445 1374 528 clypeis

330 538 475 604 inauratis
490 531 661 596 intrinsecos
676 533 927 614 circumgiratam.

375 621 566 690 Athclstanus
575 675 579 683 ,
588 637 709 704 propter
723 621 888 683 Edwinum
902 615 1145 693 fratrem„morti
1162 620 1194 680 in
1208 641 1293 682 mare
1310 640 1371 685 ex·

328 712 473 800 positum,
497 707 666 790 septennem
679 709 886 790 poenitentiam
899 707 979 786 apud
995 711 1142 788 Lamport
1156 705 1310 791 transegit.

377 796 567 860 Arbelllanns
583 798 665 858 dedit
679 796 808 859 ecclesiae
824 795 934 856 Christi
957 797 1099 857 Cantuarz
1123 793 1227 857 villam
1242 798 1281 859 de
1300 799 1374 860 Ho-

335 889 498 970 lingburnc
513 906 582 946 curn
598 880 791 967 pertiirentiis.

380 975 561 1036 Edmundus
575 993 639 1046 rex,
664 970 754 1044 frater
767 969 941 1046 Athenian,
959 970 1172 1054 Reginaldum,
1187 973 1373 1037 Gurmundi
1455 1051 1456 1070 Χ

335 1062 443 1136 filiurn,
468 1061 667 1123 Northumbr:
683 1063 810 1143 expulit.

755 1151 757 1154 '
833 1142 1004 1192 Puckleebirch

381 1214 558 1278 Edrnundus
574 1212 589 1276 i
604 1213 707 1277 sicario
725 1213 806 1294 apud
821 1210 998 1275 Pucrescern
1013 1207 1135 1275 occisus.
1160 1213 1217 1274 Hic
1230 1213 1372 1278 Edmun·

338 1305 395 1368 dos
411 1303 493 1365 dedit
508 1303 635 1366 ecclesrae
648 1301 758 1364 Christi
773 1304 915 1364 Cantuar:
929 1301 1108 1382 Wingeharn
1126 1303 1156 1361 dr
1176 1301 1329 1365 Prestune.
1455 1371 1456 1384 χ

173 1390 232 1457 rag.
247 1389 302 1450 310'·
384 1390 479 1453 Edita
493 1392 712 1452 uxorEdnardi
724 1387 996 1462 senioris,8rmatcr
1008 1389 1162 1450 Edmundi
1174 1387 1304 1464 senioris,
1316 1390 1373 1453 de·
1455 1401 1456 1476 J

340 1481 387 1544 dit
401 1475 500 1541 eccles:
515 1477 622 1541 Christi
633 1483 773 1540 Cantuar:
787 1477 956 1558 Mcapham,
970 1475 1110 1559 Culinge,
1128 1479 1277 1553 Lenham,
1295 1481 1369 1544 Poc—
1455 1493 1456 1512 ¹

262 1593 268 1607 ·
340 1569 440 1641 cham,
457 1567 626 1650 Fernelege,
651 1569 849 1635 Munketune‚
875 1564 1075 1646 Ealdington:
1098 1564 1127 1625 δι
1150 1567 1181 1626 in
1201 1567 1371 1632 eademec·

341 1655 427 1719 eleba
441 1653 505 1736 post
520 1655 637 1729 obitum
653 1656 717 1734 ejus
733 1651 896 1715 honorifice
910 1651 951 1712 est
964 1650 1089 1732 sepulta.
1455 1649 1456 1662 ¹

387 1742 541 1804 Eadrcdos
556 1765 619 1814 rex,
632 1741 721 1804 irater
733 1742 888 1804 Edmundi
901 1738 1031 1811 senioris,
1048 1739 1131 1802 dedit
1141 1736 1246 1802 eccles:
1259 1739 1372 1806 Christi

343 1835 485 1894 Cantuar:
503 1831 731 1894 Tumslenlram
755 1829 784 1892 δι
806 1827 919 1890 Raculs
937 1849 1009 1890 cum
1025 1827 1166 1890 omnibns
1183 1831 1372 1910 pertinentiis
1455 1833 1456 1842 ³

341 1918 409 1994 suis,
434 1919 462 1979 8(
478 1939 587 2001 corpus
599 1923 629 1982 S.
645 1919 785 1980 Audocni
801 1915 1049 1999 Rhotomagenfis
1061 1913 1284 2000 archiepiscopi.
1455 1999 1456 2002 Ἴ

388 1967 561 2069 Ilunstanus
581 2005 758 2068 Edwinurn
762 2025 861 2088 regem
877 2002 940 2090 ipso
961 2006 1160 2068 coronationis
1182 2005 1231 2068 die
1253 2005 1292 2067 ab
1306 2025 1372 2068 am·
1455 2003 1456 2008 ’

343 2093 482 2179 plexibus
496 2095 655 2155 meretricis
672 2093 814 2160 abduxit
1455 2101 1456 2104 ’

388 2180 526 2261 Edgarus
553 2201 606 2242 rex
626 2181 721 2283 apnd
724 2181 868 2242 Werham
894 2179 1149 2261 concupivitu
1078 2181 1126 2260 cuj
1129 2178 1233 2248 uldam
1248 2143 1371 2246 consitis

344 2269 449 2331 filiam.
483 2270 525 2328 At
540 2284 634 2331 mater
648 2270 771 2349 tirginis
786 2266 972 2330 subdititiam
986 2202 1128 2330 famulani
1143 2289 1196 2349 pro
1210 2289 1245 2329 ea
1256 2267 1294 2328 ad
1305 2270 1372 2331 Ed·

344 2377 452 2441 gaium
470 2356 563 2418 nosln
580 2354 747 2418 transmisit.
792 2357 847 2418 Illa
863 2373 964 2418 autem
980 2356 1172 2418 libertatern
1162 2377 1178 2416 a
1192 2377 1261 2438 rege
1277 2359 1371 2438 petiit,

345 2448 399 2530 qni
424 2442 530 2507 fraude
555 2447 673 2528 cognita
689 2441 801 2507 summe
827 2466 891 2507 eam
915 2445 1029 2523 dilexit,
1053 2447 1083 2507 8r
1104 2445 1217 2527 quibus
1235 2441 1371 2513 servierat

344 2536 509 2616 imperati]
497 2534 589 2615 j.uss1t

377 2622 527 2705 Edgarus
542 2623 712 2705 plusquam
725 2642 777 2698 40.
791 2619 967 2684 monasteria
982 2622 1213 2702 reparavit‚&e
1152 2619 1297 2701 &ejesiis
1311 2620 1371 2685 ele·
1455 2642 1456 2645 ’

344 2711 423 2784 airis,
447 2712 501 2792 qui
517 2731 550 2771 ca
566 2725 699 2793 tempore
714 2708 879 2772 hostilitatis
895 2730 1026 2793 occupat
1029 2724 1121 2787 erant
1145 2645 1309 2773 modachos
1325 2712 1372 2773 in·

346 2797 496 2869 tromifit.

182 2894 299 2946 Eaduear-
341 2885 581 2963 Eduuardus,
613 2885 692 2949 filins
716 2854 838 2975 Edgaii,
863 2900 1022 2949 coronatus
1044 2884 1125 2967 apud
1148 2884 1346 2970 Kingellon
1335 2907 1371 2953 tn

181 2962 337 3075 51ῐὸΞοΓοηὲ
346 2994 446 3056 regern
461 2995 478 3035 a
467 2973 645 3038 Dunstano
660 2990 764 3037 eontra
777 2991 950 3059 magnatum
962 2976 1066 3037 volunt
1056 2988 1159 3035 t.atern
1455 3044 1456 3059 2

182 3043 249 3141 dil}
258 3043 322 3093 <³810
390 3060 532 3137 Allerins,
556 3084 609 3144 qur
600 3062 826 3144 proclcncrs
819 3084 907 3145 agens
924 3062 1138 3123 monachorum
1152 3077 1225 3128 erat
1235 3062 1370 3147 pellimus
1455 3062 1456 3099 l

345 3148 522 3235 persecutor,
547 3150 689 3232 pediculis
704 3148 918 3233 consumptus
912 3153 1034 3213 interiit.

390 3240 568 3301 Ethelredus
587 3260 650 3311 rex,
673 3254 737 3301 orta
761 3240 835 3301 inter
859 3260 937 3301 eum*
951 3240 986 3301 &
1004 3236 1174 3321 episcopum
1200 3234 1369 3301 Roffensem

348 3325 507 3402 discordia,
522 3327 648 3389 eolleslo
661 3329 792 3389 exercitu
805 3328 951 3389 civitatem
967 3324 1128 3389 Rol'enlem
1141 3322 1266 3391 obsedit.
1290 3325 1370 3390 Poll·

344 3437 379 3478 ea
394 3415 481 3479 miffis
495 3432 614 3479 centum
629 3436 647 3475 a
663 3414 819 3477 Dunilano
832 3414 913 3477 libris
929 3415 1052 3477 recessit

337 3504 341 3513 ’
391 3500 502 3565 Siricus
517 3499 752 3585 archiepiscopus
767 3506 910 3565 Cantoar:
928 3505 981 3590 qni
998 3494 1157 3566 Dunllano
1166 3498 1307 3577 successit,
1318 3522 1370 3565 au·

346 3605 395 3651 tor
410 3588 468 3653 soit
483 3608 518 3654 ut
540 3590 666 3675 vectigal
686 3611 823 3654 annuum
837 3590 938 3655 decem
957 3612 997 3654 M.
1022 3592 1167 3657 librarum
1182 3591 1278 3654 Danis
1302 3610 1368 3674 pen·

345 3678 477 3741 deretur

391 3767 553 3829 Cantuaria
567 3767 605 3830 ab
620 3766 754 3830 Ailmero
769 3766 979 3830 archidiacono
995 3768 1086 3830 Danis
1098 3768 1229 3851 prodita}

390 3858 517 3917 Mortuo
537 3859 645 3917 Swano
661 3877 731 3938 rege
754 3854 915 3917 Turlrillus
934 3855 989 3917 fibi
1011 3875 1180 3937 praecavens
1201 3858 1367 3918 Cnutonem

344 3963 446 4027 regem
471 3945 574 4005 Daciae
596 3943 728 4007 ciriffime
746 3940 863 4021 aseivit,
890 3960 924 4005 ut
949 3964 1049 4009 necent
1073 3940 1199 4011 subitam
1215 3948 1368 4007 Danorum

345 4032 376 4094 in
391 4031 484 4115 Angl:
500 4030 673 4094 vindicaret.

389 4118 567 4181 Ethelredus
583 4141 646 4193 rex,
670 4118 873 4201 coadoapud
888 4115 1026 4183 Oxforde
1046 4116 1169 4181 consilio
1185 4120 1215 4181 &
1230 4117 1323 4201 Angl:
1340 4117 1366 4179 ἃ
1455 4168 1456 4179 ι

344 4206 591 4287 Danorumjuffit
600 4206 726 4269 interfici
739 4206 930 4270 nobilissirnos
941 4205 1131 4291 Sigeferdum
1143 4209 1172 4269 dr
1181 4207 1364 4279 Morcadunr,
1455 4194 1456 4267 Ῠ

342 4292 543 4361 consiliosius
558 4298 675 4361 comitis
690 4295 800 4374 Edriei,
814 4296 868 4379 qui
881 4294 1139 4381 utriusquepartis
1150 4295 1286 4381 proditor
1298 4307 1364 4357 erat.

1254 4384 1365 4463 Enna,
