2934 4900
184 254 953 360 EDITORISPRAEFATIO.
1122 266 1287 350 ΜΨ

64 415 212 509 edisces.
251 413 369 523 Qud
389 430 517 492 tamen
537 438 614 496 noa
634 409 709 493 stne
726 411 933 521 lachrymis
957 413 1089 498 scribo.

66 532 159 610 Hac
178 525 322 618 etenim
340 525 437 612 dum
471 522 610 616 recolo,
641 543 726 612 ante
758 527 889 607 oculos
915 526 1089 607 obversa·

67 662 125 721 tur
144 640 374 728 Fanncrscr
396 637 595 718 Caesari
618 635 665 719 dc
684 634 973 723 Shotteibrooke
990 639 1028 724 iu
1049 669 1092 721 a·

69 779 133 861 gro
162 747 418 834 Berclrerienfi
447 745 621 852 armigeri
657 747 850 850 (Taurum
885 751 1093 843 Cassan,

64 862 244 983 juveniss
271 861 373 940 illius
406 857 625 967 spedlabilis‚
655 885 772 962 quem
804 862 971 966 corporis
1002 891 1093 970 pro-

63 976 211 1066 ceritas,
243 971 454 1073 formaque
478 969 653 1082 dignitas,
684 973 821 1078 pariter
840 989 954 1080 atque
972 975 1093 1057 animi

69 1089 186 1178 dotes,
215 1081 549 1176 commendabant,
579 1080 773 1189 patruelia)
806 1084 944 1168 obitus
1002 1087 1097 1176 Quo
1230 1151 1239 1158 .

70 1199 229 1308 quidem
260 1196 344 1276 viro
374 1193 567 1277 unum&
603 1193 764 1282 alterum
793 1193 914 1280 forsan
948 1194 1097 1278 doctio-

71 1338 166 1403 rem,
204 1307 402 1392 neminem
425 1306 679 1413 integriorem,
709 1306 993 1399 modestiorem,
1021 1307 1099 1389 hua

72 1423 263 1510 miliorem
282 1417 456 1544 cognovi.
514 1416 585 1498 Sed
609 1418 695 1501 ideo
713 1417 813 1504 mihi
832 1447 953 1527 quam
972 1423 1097 1502 maxi-

73 1563 133 1614 me
153 1533 323 1616 interitus
354 1532 430 1638 ejus
457 1527 644 1618 dolendus
676 1531 742 1626 est,
773 1533 877 1640 quod
901 1533 985 1614 vitae
1004 1560 1099 1612 meae

74 1645 221 1739 testem,
251 1647 450 1737 rectorem,
481 1640 718 1749 magistrum,
739 1642 865 1733 immo
882 1645 1100 1726 amicorum

75 1759 185 1866 longe
219 1755 413 1865 optimum
434 1755 582 1858 (utpote
613 1755 719 1859 cujus
745 1777 833 1837 cura
863 1757 904 1842 bc
924 1756 1103 1861 impensis
1233 1779 1237 1784 ·

75 1867 97 1960 i
125 1895 249 1979 puero
274 1867 456 1962 educatus
488 1863 641 1960 fuerim,
670 1865 874 1976 litterisque
898 1868 1006 1948 bonis
1040 1869 1102 1946 in-

76 1978 242 2086 stitutus)
266 1976 467 2078 amiserim.
497 1978 532 2059 Ε
552 1975 643 2058 vivis
661 1975 815 2059 excessit
839 1981 893 2058 vir
920 1978 1101 2088 praestan-

76 2089 351 2200 tiffimusSept,
370 2115 434 2200 23.
452 2088 796 2178 A.D.aapccx111.
816 2091 931 2172 atatis
944 2093 1104 2172 xuvnr.

80 2206 116 2291 sc
142 2203 251 2286 sicuti
277 2203 354 2310 ipse
386 2201 618 2282 ordinaverat
640 2201 696 2309 (id
716 2202 822 2303 quod
854 2198 877 2283 ὲ
904 2202 1036 2283 litteris
1055 2204 1104 2307 ad
1159 2300 1161 2305 Ι

80 2317 280 2425 conjugem
298 2313 580 2412 dilectissimam
610 2311 728 2421 patet)
757 2313 832 2396 sane
862 2313 940 2393 ulla
960 2341 1105 2425 pompa

80 2426 217 2509 funeris
253 2425 298 2536 (fi
328 2423 443 2507 sunus
479 2425 520 2509 id
549 2424 771 2515 habendum
808 2425 865 2518 fit,
911 2454 991 2534 quo
1026 2456 1104 2508 non

81 2542 207 2641 amici,
234 2558 278 2619 ut
294 2537 532 2647 exoptabant,
562 2538 608 2621 ad
635 2537 829 2639 exsequias
851 2535 1103 2618 cohonestan-

83 2651 146 2733 das
177 2650 466 2757 conveniebant)
505 2650 543 2728 in
580 2667 686 2759 parte
722 2650 929 2758 aquilonari
965 2652 1105 2732 cremi-

83 2764 161 2846 terii
192 2760 353 2844 ecetefiae
393 2762 442 2845 de
482 2758 771 2853 Shottelbroolre
801 2761 1011 2845 tumulatus
1039 2762 1108 2859 ett,
1150 2769 1194 2860 5'·

84 2873 156 2965 hoc
180 2892 333 2969 tanturn
352 2870 546 2983 epitaphio
577 2869 616 2981 (a
647 2874 761 2984 seipso
795 2872 985 2980 confusio)
1018 2875 1109 2955 saxo

86 3014 300 3069 marmoreo
332 2984 456 3092 (quod
482 3010 624 3095 corpus.
646 2985 754 3093 tegit)
785 2986 981 3093 adscripto,
1019 3010 1109 3067 nic.

87 3122 229 3202 ματ.
252 3118 572 3179 roccaromana.
590 3097 1007 3185 Maxrmusmodestiae
1021 3098 1110 3206 qui-

89 3211 178 3291 dem
197 3227 309 3314 atque
323 3206 529 3290 humilitati
545 3207 642 3290 illius
660 3211 960 3318 congruentiore,
989 3237 1112 3315 quam

90 3322 279 3420 doctrina,
332 3320 514 3403 sermonis
556 3320 765 3427 elegantia,
807 3322 1031 3414 liberalitati,
1068 3326 1112 3402 ‘bc
1168 3364 1173 3377 =

88 3430 354 3513 munificentia
372 3458 461 3535 erga
486 3458 636 3540 egenos,
651 3426 653 3431 ’
669 3433 878 3540 (quamdiu
900 3432 1040 3516 scilicet
1057 3462 1115 3515 res

95 3546 276 3654 prosperae
305 3538 534 3653 paterentur)
570 3544 802 3653 benignitati,
858 3572 1014 3627 morum
1048 3575 1115 3626 co·

92 3658 235 3755 mitari.
261 3652 487 3759 constantiae,
529 3655 649 3754 animi
682 3658 949 3766 magnitudini,
991 3656 1115 3737 fideli-

93 3770 159 3849 tati
175 3796 265 3877 erga
294 3766 509 3876 Principem
535 3768 785 3877 patriamque,
813 3770 1018 3876 ceterisque
1043 3770 1117 3849 vir·
1153 3847 1155 3850 ,

99 3880 254 3977 tutibus,
296 3876 500 4007 mausolsq
540 3879 805 3995 quamtumvis
847 3880 1041 3990 splendido
1077 3884 1117 3961 bs

129 4104 142 4133 ¹
157 4100 215 4151 Vide
226 4096 358 4167 Epistulam
368 4097 472 4149 nostram
483 4098 511 4149 de
523 4098 814 4237 Antiquifflb‘glffibuffi'
831 4102 893 4150 inter
904 4096 1081 4153 windlesoram
1093 4098 1119 4148 dc

98 4164 228 4247 onaiam,
243 4162 371 4239 adesim
383 4165 462 4251 quinti
473 4162 530 4219 Vol.
541 4165 659 4239 itinerarii
669 4168 692 4220 1.
715 4166 780 4242 audi,
799 4169 824 4237 5.
843 4184 880 4239 ¹2·

970 4231 1121 4356 magui
