2934 4900
229 222 291 309 148
502 172 1227 301 Joauu1snnnaun1,

351 347 469 423 landus.
514 352 560 413 Eo
573 349 655 413 enirn
668 347 795 411 extorris
808 346 918 430 Anglia
939 368 1009 411 cum
1033 344 1125 411 fratre
1139 343 1286 411 Rotbetto
1298 346 1380 411 duce

352 441 518 501 Normann:
534 436 561 499 le
575 437 752 499 contulerat.
1153 473 1155 482 ·

397 524 568 593 Constantia
582 524 643 593 filia
657 522 732 593 Gnl:
749 544 832 609 mag:
846 523 947 586 comiti
962 522 1077 598 Britan:
1092 521 1190 597 Alano
1201 524 1332 606 Fergant
1345 523 1379 591 in

352 615 443 677 con'u
466 615 527 675 ium
542 613 620 677 data.

190 688 252 739 nul:
264 692 336 757 Maz-
361 686 365 691 ’
396 634 555 783 fullafra
568 680 699 775 staturae,
721 696 1083 791 immensaeeorpulentiae,
1104 694 1263 772 furialem,
1276 693 1381 763 fronte

190 770 247 805 ”¹¹⁵⁸
354 789 466 870 capillis
481 787 570 863 nuda,
593 787 707 850 roboris
722 785 852 868 ingentis
876 785 909 849 in
929 786 1055 859 lacertis,
1076 799 1111 848 nt
1126 806 1208 870 mag:
1224 782 1302 867 saepe
1316 780 1380 866 spe-

354 875 473 1025 {Srculo
487 875 599 959 luerit,¹
611 875 697 957 quod
722 894 812 943 nemo
826 894 933 946 arcum
951 875 1015 954 ejus
1039 874 1183 951 tenderet,
1205 893 1300 955 quem
1320 869 1382 953 ipse

354 984 372 1039 a
395 962 479 1025 millo
492 983 573 1045 equo
593 960 718 1044 pedibus
733 981 823 1025 nervo
844 976 968 1038 extento
983 962 1129 1029 finnaretr
1152 982 1234 1043 mag:
1249 959 1382 1042 dignita·

356 1054 394 1115 tis
409 1048 509 1115 sedens
526 1053 555 1113 81
567 1048 652 1123 llans,
676 1068 855 1132 quanquam
874 1048 999 1114 obefitns
1012 1050 1123 1120 ventris
1137 1048 1228 1126 lllfflls
1247 1043 1383 1132 protensa

355 1146 465 1224 c'orpus
478 1140 596 1223 reglum
610 1132 800 1217 deformaret,

828 1238 839 1270 S

402 1296 496 1355 Tunc
507 1293 537 1355 in
553 1289 732 1375 provintia*
744 1290 847 1352 Walar
866 1310 935 1373 quae
950 1294 1014 1355 Ros
1027 1303 1151 1355 vocatur
1169 1289 1328 1361 inventum
1341 1285 1385 1351 est

358 1379 547 1465 sepulchrum
559 1378 706 1452 Walwen,
715 1378 784 1460 ‘qui
799 1376 859 1440 fnit
873 1379 955 1441 haud
974 1380 1101 1461 degener
1115 1376 1221 1440 Arturi
1230 1396 1271 1439 ex
1286 1374 1384 1440 sorore
1452 1399 1453 1406 ¹

360 1490 463 1551 nepos.
510 1468 605 1546 Cu‘us
621 1464 759 1543 bustum,'
776 1480 814 1527 ut
839 1466 976 1550 praemisi,
1000 1481 1134 1549 tempore
1148 1465 1225 1539 Gula
1245 1466 1325 1550 regis
1337 1485 1383 1541 re·

362 1570 481 1655 pertum
497 1554 538 1617 est
552 1490 638 1638 luper
649 1574 702 1615 ora
715 1554 805 1615 maris
824 1573 874 1630 14.
891 1555 979 1636 pedes
994 1555 1129 1639 longum,

406 1642 614 1707 Mantinianus
626 1641 749 1707 Scottus
763 1639 1028 1726 historiographus.
1060 1639 1063 1646 ’

403 1730 545 1803 Alricins‚
557 1731 610 1815 qui
625 1730 697 1792 olim
709 1726 899 1793 Cicestrenfis
909 1728 1035 1793 ec'cleliae
1044 1726 1146 1791 dietus
1159 1723 1201 1789 est
1214 1722 1384 1810 episcopus,

404 1818 564 1903 stigandus
580 1814 765 1897 Cicellrenfis
790 1814 944 1901 episcopus
967 1813 1093 1901 praejsens
1115 1816 1148 1891 in
1168 1816 1295 1897 synodo
1315 1821 1386 1879 con·

362 1923 482 1993 gregata
499 1910 529 1968 ό.
547 1927 627 1969 anno
640 1926 706 1988 reg:
721 1902 797 1966 Gnl:
813 1907 896 1988 Mag.
1286 1938 1290 1944 -

407 1986 471 2057 Sub
486 2016 554 2077 rege
570 1994 644 2056 Gula
671 1995 703 2055 in
723 1991 779 2055 illo
797 1994 906 2055 eodem
920 1992 1051 2067 consilio!
1062 1991 1291 2075 pronuntiatum
1303 1987 1347 2052 est
1360 1986 1389 2052 se

362 2082 497 2151 cundum
514 2080 582 2143 scita
595 2084 765 2153 Ganonnrn,
788 2094 824 2144 ut
837 2076 966 2163 episcopi
978 2077 1160 2144 transeuntes
1174 2078 1213 2140 de
1228 2078 1307 2143 villis
1318 2098 1389 2143 con·

364 2168 518 2249 stituerunt
533 2166 613 2231 ledes
628 2163 691 2231 suaa
707 2169 739 2228 in
761 2166 887 2229 urbibus
899 2167 1079 2239 Dioecesrum
1093 2165 1224 2231 suarum.

295 2340 299 2347 .
474 2274 525 2333 For
539 2268 609 2345 libr,-
627 2272 695 2351 [4.]
712 2267 782 2330 orl.-
799 2265 988 2351 Meldunensts
1004 2266 1039 2331 dr
1054 2270 1170 2353 regibus
1186 2268 1281 2355 Angl:

411 2358 486 2421 Gnl:
502 2357 580 2419 filius
595 2356 670 2423 Gul:
681 2350 765 2441 “regis
780 2370 868 2418 natus
886 2354 928 2425 est
942 2359 974 2432 in
988 2354 1172 2433 Nnrmannia
1186 2354 1327 2444 pluribus
1341 2376 1392 2419 an,

368 2448 413 2514 nia
426 2461 589 2529 antequam
604 2461 688 2530 pater
702 2444 795 2528 Angl:
812 2444 919 2507 adiret.
971 2519 974 2522 ‚

407 2535 483 2603 ,Odo
494 2531 559 2616 poll
577 2532 704 2598 exilium
716 2535 830 2616 recepit
848 2531 1025 2611 cotnitatnm
1040 2533 1154 2612 Cantiage
1179 2529 1197 2614 ὲ
1217 2531 1297 2597 Gul:
1309 2528 1395 2609 Rufo

368 2640 478 2707 nepote
492 2619 555 2697 suo,
575 2623 638 2700 ag.
657 2637 692 2684 nt
715 2621 873 2704 impatiens
892 2621 934 2684 ob
955 2621 1089 2694 amilium
1113 2623 1154 2693 im
1181 2622 1284 2699 alum,
1307 2620 1393 2704 quod

371 2725 505 2791 tempore
519 2707 617 2784 fratris
632 2727 683 2790 per
700 2711 793 2793 Angl;
812 2703 981 2788 universam
991 2711 1123 2792 gesserat,
1167 2705 1267 2771 escivit
1282 2707 1300 2772 i
1314 2729 1394 2790 rege.

413 2800 494 2859 Nam
507 2796 582 2859 Gul:
598 2795 794 2869 Dunelmensr
809 2793 948 2886 episcopo
962 2797 1251 2877 commendauerat
1268 2798 1394 2860 admini-

371 2882 473 2962 stratio
487 2904 586 2946 rerum
603 2883 687 2965 publ:
700 2886 731 2964 in
743 2885 838 2969 Anglr
854 2905 906 2966 per
920 2883 996 2959 Guh
1013 2881 1141 2962 Rufum.
1156 2884 1229 2961 Gul;
1247 2882 1347 2950 Rufus
1365 2886 1395 2946 in

372 2971 496 3038 feliciter
510 2973 653 3056 pugnavit
667 2987 773 3050 contra
787 2972 913 3035 Wallos.

329 3097 332 3104 =
417 3063 486 3130 Rex
500 3063 592 3138 Henr:
608 3055 906 3143 excellentis'ingenii
923 3060 978 3136 vir,
1001 3060 1055 3142 qui
1069 3059 1162 3124 modo
1178 3063 1330 3143 †regnat,
1352 3059 1396 3122 ina

372 3148 454 3210 venit
468 3167 528 3230 qua
543 3163 712 3210 commenta
737 3145 858 3210 illorum
881 3145 1073 3220 labefallaret
1089 3165 1163 3223 arte,
1186 3146 1351 3226 Flandricis
1367 3146 1399 3227 in

374 3235 469 3322 patria
480 3255 586 3315 eorum¹
595 3233 754 3309 collocatis,
769 3235 823 3325 qui
838 3235 878 3297 eis
891 3254 948 3318 pro
961 3233 1089 3301 clanstro
1103 3235 1170 3313 lint,
1185 3238 1279 3309 &eos
1293 3255 1398 3322 perpe·

377 3323 432 3387 'tuo
445 3322 632 3386 coherceant.
781 3327 786 3334 '
1385 3311 1409 3364 θ

377 3501 406 3562 G
422 3409 603 3559 iliaanlphus
618 3409 739 3486 clericus
763 3407 878 3488 strenue
891 3409 1042 3504 expilabat
1062 3412 1209 3507 populum
1224 3412 1255 3483 in
1271 3411 1399 3497 gratiam

410 3521 453 3562 n:
502 3517 519 3558 u
546 3545 552 3561 .

373 3647 375 3655 ,
423 3590 517 3649 Tunc
532 3585 633 3666 fluxua
648 3583 789 3664 crinium,
813 3599 884 3651 tunc
903 3585 995 3653 luxus
1007 3585 1144 3664 vellium,
1167 3603 1240 3657 tunc
1258 3584 1330 3662 ulna
1342 3587 1400 3652 cal·

378 3692 498 3749 peorum
514 3695 583 3743 cum
599 3676 725 3748 arcuatis
738 3673 847 3746 aculeis
858 3677 1013 3745 inventus„

350 3757 359 3789 '
425 3761 500 3822 Gul:
516 3763 598 3845 Mag.
615 3761 735 3839 Judaeos
751 3762 767 3823 ὲ
782 3765 955 3845 Rotomngo
969 3762 1144 3828 Londinnm
1158 3763 1301 3831 adduxit.

358 3915 362 3924 ,
425 3849 499 3908 Gul:
525 3847 562 3908 de
576 3850 694 3910 Alderia
712 3846 843 3929 spetiolae
859 3850 991 3941 perlonae
1014 3853 1106 3931 homo
1122 3851 1290 3931 saresbiriae
1304 3855 1324 3934 ss
1336 3850 1403 3936 sup·

381 3932 485 4032 pensus
495 3935 572 4016 julla
586 3935 659 4009 Gul:
676 3936 760 4015 Rufi.

199 4033 202 4040 '
219 4051 367 4112 nntaxdic-
428 4028 534 4112 Atqui,
558 4023 656 4121 inquit
670 4045 747 4114 τως,-
759 4044 915 4108 nunquam
934 4023 1034 4090 andivi
1048 4018 1159 4112 ¹regem
1181 4025 1342 4115 naufragio
1354 4048 1403 4116 pe·

220 4135 272 4171 tum
288 4117 347 4166 Gul:
386 4111 471 4176 riille.

172 4239 176 4244 ,
219 4185 377 4242 nufiinnaur

218 4245 372 4320 {punition
428 4199 597 4266 Undecimo
610 4217 688 4264 anno
702 4219 757 4264 rex
769 4201 948 4264 Noricorum
961 4205 1093 4288 Magnus
1108 4221 1180 4267 curn
1193 4202 1331 4268 Haroldo
1341 4201 1405 4266 filio

550 4309 618 4376 ra·
680 4310 869 4382 trenam·
932 4311 1007 4379 asu

776 4397 796 4479 3
925 4457 929 4462 .
1279 4377 1407 4460 nautas
