2934 4900
203 260 557 356 nuriountttt
593 230 1015 346 contrieram·
1152 245 1253 389 ¹47³·

112 398 324 483 Waideophus
351 404 458 484 amplae
487 398 628 485 prosapiae
658 420 770 477 comes,
802 398 941 463 nervosus
965 400 1095 474 lacertis,

66 487 193 553 thoroso
207 489 329 571 pesiore
342 488 481 557 robustus
506 492 536 551 dc
563 508 700 572 procerus
724 506 789 554 toto
805 490 934 572 pesiore,
957 486 1036 551 filius
1049 489 1095 549 Si·

66 578 164 639 wardi
177 576 454 661 magnificentissimi
475 580 599 651 comitis,
623 588 714 659 quem
734 579 847 658 Digera
870 575 988 639 Diuico
1006 596 1095 638 voca·

66 666 153 737 bulo,
179 667 199 727 i.
215 686 242 727 e.
259 663 379 740 sortem,
391 675 403 703 ¹
416 662 703 749 cognominabant.“
729 664 923 727 Postmodum
934 684 1001 725 vero
1011 663 1097 725 vistis

66 755 205 833 partibus
221 750 276 815 sese
302 750 403 837 sponte
419 756 541 825 dedens,
565 754 594 813 81
614 752 750 832 Juditbae
765 756 861 835 neptis
879 755 956 835 tegis
981 772 1096 813 conuu-

64 840 119 902 bio
136 842 311 922 privataque
336 842 465 903 amicitia
485 840 613 901 donatus
630 858 689 900 non
705 839 865 921 permansit
888 837 1005 913 infide,
1030 860 1097 921 pra·

65 938 139 988 vuiti
166 930 320 1013 ingenium
356 930 494 990 cohibere
529 929 689 1011 impotens,
723 928 781 989 &o
815 943 849 987 ut
876 925 1030 1008 Raduiphi
1058 928 1097 989 de

66 1014 185 1076 Waber
200 1014 324 1097 persidia
339 1012 367 1078 se
381 1013 548 1093 immiscuit,
574 1012 731 1099 posteaque
745 1012 837 1078 securi
850 1011 1000 1097 percussus
1016 1013 1052 1077 sit
1067 1016 1097 1077 8(

66 1101 419 1184 Croylandia'esepultiis.
1078 1148 1087 1164 .

112 1190 304 1273 Raduipbus‚
329 1192 440 1273 dequo
452 1191 531 1273 prius
547 1190 642 1273 tetigi,
658 1202 720 1251 erat
786 1187 966 1273 Raduiphus
974 1189 1064 1271 Bigot
1072 1188 1157 1251 Brito
1169 1183 1259 1250 trans·

68 1298 123 1363 per
143 1276 257 1341 donum
283 1281 360 1363 regis
382 1300 480 1341 comes
504 1276 667 1355 Nortbi'olii
690 1278 720 1339 de
764 1282 897 1341 marinus
932 1296 973 1340 ex
1009 1290 1104 1358 patre.
1149 1274 1272 1359 Polyda·

69 1364 226 1439 Sutbsolk,
250 1367 335 1429 Brito
359 1387 398 1431 ex
425 1382 516 1449 patre,
541 1362 655 1429 distorti
681 1364 720 1427 ad
764 1367 1012 1430 Waiiicanatum
1028 1364 1179 1430 adfirmat.

67 1474 162 1515 omne
178 1456 293 1515 bonum
309 1456 412 1516 animi.
458 1458 486 1515 Is
512 1454 596 1536 quod
613 1473 721 1535 cognu-

71 1556 136 1603 tam
160 1542 238 1622 regis
255 1540 343 1605 filiam
359 1541 503 1603 Gulielmi
526 1542 581 1603 filii
597 1540 723 1606 Oiberui
753 1599 765 1626 f
811 1542 868 1603 Hic
883 1541 958 1605 Gal:
974 1538 1055 1605 filius
1069 1537 1193 1601 Oibetni
1216 1538 1262 1598 in·

70 1626 269 1711 desponderat
290 1630 401 1709 majora
420 1628 503 1708 justo
527 1648 625 1692 mente
661 1650 722 1692 me·
765 1617 1275 1711 censorutGuliduxAngltbello'

72 1718 149 1779 tiens
173 1716 355 1797 tyrannidem
377 1716 490 1781 adoriri
514 1718 724 1787 meditabatur.
769 1720 935 1800 impeteret.

72 1805 224 1891 Rogerius
250 1824 346 1867 comes
373 1802 595 1869 Herefordensis
624 1808 726 1869 uxoris
788 1804 961 1888 'Rogerius
993 1821 1092 1866 comes
1125 1794 1263 1867 Herefot·

72 1891 230 1975 Radulpbi
255 1890 355 1957 frater.
399 1892 448 1955 Ibi
462 1890 661 1969 Waideosus3
685 1894 727 1956 ibi
771 1892 842 1955 den:
858 1892 903 1955 sil:
916 1890 990 1955 Gul:
1001 1891 1045 1954 sil:
1059 1888 1198 1961 osberni.

72 1995 218 2069 praeterea
233 1998 324 2061 quam
341 1977 461 2062 plurimi
476 1982 507 2043 in
523 2000 624 2058 necem
640 1980 717 2064 regis
728 1982 894 2061 conjurant.

116 2066 192 2129 Gul:
209 2066 288 2131 silius
303 2066 428 2131 Oiberni
444 2068 536 2130 bonas
550 2069 629 2153 seges
644 2068 729 2131 dedit
744 2066 1019 2138 Heresordensibus.

117 2156 195 2219 Gui:
213 2154 292 2217 filius
306 2154 431 2219 Osberni
446 2158 476 2233 iu
487 2156 625 2221 Flandria
639 2156 752 2219 insidiis
767 2157 974 2237 interemptus.
1003 2200 1007 2207 -

116 2242 133 2294 b
155 2231 354 2327 Eandemque
380 2246 410 2307 in
435 2244 624 2327 expeditione
652 2242 759 2307 sociam
783 2245 924 2316 habutffeg
958 2264 1049 2326 quam
1068 2243 1268 2329 inmigntiegii

75 2330 173 2419 Augl:
192 2346 324 2413 tempore
342 2330 416 2393 Gui:
432 2330 562 2409 Junioris
586 2330 684 2407 duxit,
708 2332 832 2413 quando
856 2334 885 2393 81
905 2332 1055 2395 Orchadas
1071 2332 1100 2391 de
1113 2334 1239 2407 920051112

75 2417 234 2494 Menanias
258 2412 362 2481 insulas
387 2414 442 2481 sibi
466 2415 598 2498 subjecit,
622 2416 651 2480 a
677 2434 864 2482 occurrentes
888 2421 1011 2484 comites
1035 2396 1225 2495 Hir-*¹⁰⁰¹*

75 2529 187 2594 gonem
214 2501 404 2581 Cestrensem,
438 2507 467 2568 ἃ
495 2509 654 2589 Hugunem
681 2503 951 2590 Siopeibirieusein,
972 2507 1103 2589 priorem

74 2595 167 2680 fugit,
192 2589 357 2660 secundum
375 2592 536 2658 interemit.
877 2671 880 2677 Ι

122 2680 265 2747 Successit
278 2683 305 2744 ei
321 2680 403 2831 (sipi.
421 2679 585 2766 Stigando)
601 2680 632 2744 in
652 2681 805 2745 Wintonia
818 2676 1035 2755 walchelinus,
1050 2699 1102 2742 cu·
1115 2681 1171 2748 Peg.
1186 2693 1241 2739 ¹41·

73 2773 126 2858 jus
153 2761 239 2832 isone·
254 2791 344 2854 opera
378 2791 476 2832 aniam
495 2773 639 2832 vincentia
665 2771 836 2832 vetustatem
857 2763 1016 2834 oblivionis
1041 2760 1105 2830 zise

78 2855 242 2942 repellent,
265 2857 412 2941 quamdiu
425 2857 466 2934 ibi
481 2850 561 2920 sedes
577 2855 745 2942 episcopalis
760 2857 892 2924 durabit.

124 2949 203 3032 Qae
217 2945 299 3027 apud
314 2943 553 3008 We'simonaster:
577 2943 674 3008 studio
694 2947 758 3027 ejus
778 2960 870 3030 prope
887 2948 1044 3030 cou’ugem
1058 2944 1103 3008 lo·
1114 2939 1271 3021 ⁸⁶1²&th

44 3110 46 3120 Ι
80 3037 148 3100 'tata
164 3033 255 3095 babet
270 3035 407 3108 tumbam
423 3037 537 3119 argenti
549 3035 673 3118 aurique
687 3033 823 3116 expensis
838 2970 1001 3116 operosam.
1116 3008 1226 3121 Ed‘i'thf‘
1284 3044 1287 3052 '

11 3143 13 3160 ¹
122 3120 263 3187 Tradunt
282 3143 382 3184 cervos
403 3120 435 3184 in
459 3143 535 3186 nora
560 3119 665 3184 foresta
688 3123 887 3187 terebrantem
914 3121 1007 3183 tabidi
1030 3121 1105 3184 ediis
1117 3144 1187 3189 niori
1200 3138 1246 3187 Ri-

83 3199 194 3278 neb'ida
209 3226 333 3287 mortem
349 3211 509 3274 iucurrisse.
553 3211 655 3272 Locus
669 3209 710 3272 est
725 3231 819 3292 quem
829 3209 1008 3272 Wiibelmus
1022 3224 1105 3290 pater
1115 3203 1197 3284 charit
1207 3222 1234 3253 ²·

60 3293 204 3378 'desertis
225 3297 310 3371 villis,
333 3294 463 3359 subrutis
477 3294 614 3372 ecclesiis,
641 3312 693 3380 pet
721 3301 844 3382 triginta
867 3294 897 3360 tr
921 3317 959 3361 eo
977 3292 1107 3379 amplius
1116 3267 1234 3402 ξὲζξω*

82 3385 258 3450 miliarisia
274 3382 365 3448 saltus
380 3383 511 3449 &lustra
521 3383 650 3448 serarum
665 3385 830 3471 redegerat.

129 3471 301 3538 Richardus
324 3471 404 3535 fiiius
419 3470 545 3537 Roberti
565 3473 758 3558 primogeniti
773 3470 848 3542 Gula
873 3488 954 3556 magi
970 3468 1112 3552 trajesius

83 3561 200 3627 collum
215 3557 320 3646 sagitta
336 3563 424 3644 periit
438 3563 469 3625 in
480 3579 555 3626 nova
565 3560 693 3624 Foresia.

130 3651 261 3712 Matrem
283 3663 433 3732 quantum
454 3650 528 3712 vixit
553 3647 660 3732 insigni
686 3640 872 3732 induigentia
896 3645 1037 3731 dignatus
1056 3643 1111 3723 esi,

84 3729 158 3830 quse
172 3751 241 3802 ante
262 3733 352 3820 patris
367 3737 490 3800 obitum
502 3727 624 3800 cuidam
645 3737 819 3805 Herlewino
844 3736 883 3799 de
901 3737 1019 3799 comitis
1041 3731 1113 3797 villa

85 3825 287 3889 mediocrium
305 3846 402 3908 opum
421 3827 486 3888 viro
500 3819 646 3908 nupserat.
669 3825 718 3890 Ex
731 3844 769 3885 eo
788 3823 863 3887 Gula
884 3820 1113 3886 fratresbabuit

87 3915 270 3988 Roberturu,
293 3913 385 3998 quem
405 3913 574 3976 M'oritoniae
594 3912 735 3974 comitem
748 3909 830 3988 fecit,
852 3909 934 3974 crassi
955 3911 985 3972 8ι
1000 3911 1114 3996 ingenii

86 4001 205 4066 hebetis
243 4000 422 4078 homiuem
454 4003 484 4064 81
517 4000 668 4076 odonem,
709 4019 805 4083 quem
841 3999 879 4062 ad
911 3995 1115 4087 episcopatum

94 4083 285 4158 Baiocensetn
309 4091 446 4174 provexit
460 4109 581 4152 comes:
605 4085 745 4151 comitem
761 4086 876 4151 Cantiae
898 4105 953 4150 rex
977 4083 1116 4149 instituit.

97 4175 269 4252 Antiochiae
290 4177 322 4242 in
348 4176 500 4243 obsidione
515 4174 752 4242 Christianorum
772 4173 863 4238 finem
885 4174 1002 4239 habuit.
1046 4168 1119 4236 Lei·

90 4297 307 4428 &isidis
391 4291 1121 4369 ³⁵'P’¹¹²‘⁰¹‘¹¹¹”fisumffiwlirdtribsnrans

175 4445 184 4456 ’
551 4433 688 4503 T2·
784 4494 788 4502 .
1003 4425 1121 4498 unum
