2934 4900
235 210 1044 311 nunrounnucontncnnunn.
1195 231 1263 311 ιο,

32 402 33 439 3
120 355 280 441 quondam
312 354 427 416 comitis
449 350 642 425 Hetefordiae,
668 352 799 433 juniore,
841 354 872 416 a
896 353 975 419 duos
998 352 1145 421 feminini.

32 448 33 455 ’
123 442 347 526 Primogenitus
358 440 518 505 vocabatur
531 437 549 502 a
561 440 682 503 nomine
696 438 803 505 nobilis
824 435 944 527 Henrlci
957 440 1045 525 primi
1058 443 1145 507 dnus

123 530 279 596 Lancastr:
299 527 339 591 llc
364 528 473 591 dictus.
518 526 673 589 Secundus
697 527 851 592 dicebatur
877 530 1022 604 Thomas,
1052 551 1160 613 quem-

121 619 219 684 modo
232 618 366 681 diximus
378 614 491 681 factum
503 614 598 699 Angl:
611 610 809 679 senescallum.
854 618 980 681 Tertius
989 616 1088 681 diuus
1101 616 1145 681 est

119 712 264 788 Joannes.
310 706 445 791 Quartus
459 698 649 766 Humlridus.

171 792 365 857 Baldewinus
382 790 499 854 Frevile
520 790 552 852 in
577 787 624 850 die
645 804 780 853 coronat:
801 791 878 873 regis
894 790 1062 858 vendicavit
1074 789 1142 857 offi-

108 884 210 946 cium
232 901 288 963 pro
309 878 462 942 allertione
484 876 562 956 juris
590 877 653 957 ejus
673 893 776 943 contra
803 880 950 958 joannem
974 880 1140 961 Dymmou

124 972 211 1055 quod
228 984 325 1031 tamen
339 966 556 1031 nonexercuit.
617 960 623 987 ⁸

169 1060 288 1121 Pannus
299 1049 496 1119 radiatuslub
507 1049 634 1135 pedibus
650 1052 739 1138 regis.

168 1146 261 1227 Lapis
274 1140 380 1226 regalis
394 1141 511 1204 Scotiae.

168 1236 258 1297 Ritus
272 1232 365 1294 totius
379 1228 588 1292 coronationis.
622 1240 623 1245 ’

167 1322 260 1386 Ritus
276 1318 395 1383 creandi
408 1317 587 1401 principem.
687 1350 691 1367 ν
908 1376 911 1383 .

276 1426 304 1485 E
308 1421 350 1485 1⁰.
365 1419 435 1486 libr:
449 1422 581 1502 Hssoriae
601 1422 696 1485 Henr:
711 1412 988 1502 Huntingdunetfis.
1150 1416 1275 1485 hnm-

166 1504 1143 1594 UrbsAldcluith,quodlinguueorumfignificetPettamclyhid.

168 1594 223 1662 Eli
235 1614 335 1661 autem
345 1598 435 1681 juxta
447 1596 502 1661 flu:
517 1596 647 1661 nominis
661 1592 760 1660 illius.
877 1671 880 1678 4

441 1732 460 1765 ι,
548 1698 703 1763 Elibroa.

167 1811 257 1872 Anno
268 1826 298 1885 7.
314 1805 455 1872 adventus
466 1812 623 1877 Saxonum
631 1803 662 1865 iu
672 1800 812 1883 Angliam
821 1775 1011 1865 commillum
1019 1797 1063 1863 est
1076 1797 1141 1866 bet·

121 1894 190 1960 lum
204 1896 284 1980 apud
298 1894 454 1975 Ailellreu,
477 1897 586 1977 inquo
599 1894 678 1956 Hors
693 1886 711 1949 s
725 1891 899 1955 Vortimcro
908 1884 1031 1951 occisus.

512 1997 610 2087 Reges
625 1990 749 2057 Cantiae.

676 2092 694 2141 d
1004 2118 1009 2131 ,
1144 2111 1147 2121 .

113 2157 456 2251 'Hengillregnavit4o.
471 2161 566 2226 annis.
655 2159 801 2223 Etbaldus
816 2148 1087 2239 34.Ethelbaidus.

120 2246 178 2312 Ele
192 2249 273 2311 filius
282 2252 351 2331 'ejus
367 2268 420 2331 34.
654 2244 905 2310 Erchenbrichtus
920 2264 973 2331 34.

118 2340 194 2399 Otta
205 2343 262 2399 xit.
296 2388 301 2399 .
562 2376 565 2385 .
655 2334 813 2397 Ecbrillus
827 2354 860 2411 9.

118 2424 284 2489 Yrmiricus
302 2443 354 2487 ιο.
654 2420 816 2485 Lothatius
831 2440 884 2487 12.

117 2511 327 2578 AEthelbertus
337 2511 390 2595 56.
836 2508 841 2512 ’

161 2661 279 2724 Primus
293 2677 346 2722 rex
365 2657 520 2722 Kentensrs
536 2655 701 2720 Adelberth
718 2675 788 2721 cum
809 2674 899 2744 gente
920 2655 972 2723 sua
993 2680 1049 2746 per
1073 2662 1138 2724 Au·

116 2747 270 2836 gustinunr
283 2745 320 2808 ad
334 2745 425 2812 iidem
439 2741 596 2808 conversus
609 2741 660 2808 est.
1139 2754 1141 2759 ·

162 2834 318 2900 Secundus
327 2855 380 2898 rex
394 2829 515 2897 Estsaxe
529 2834 659 2896 Sibertus
674 2852 727 2914 per
741 2830 905 2898 Mellitum.

163 2925 289 2987 Tertius
303 2941 357 2986 rex
367 2922 572 2986 Northumbre
583 2918 728 2984 Edwinus
743 2940 796 3002 per
809 2920 978 2988 Paulinum.

161 3014 297 3096 Qartus
311 3029 365 3072 rex
382 3007 433 3073 Est
443 3009 543 3094 Angle
555 3008 688 3073 Sibcrtus
703 3027 756 3092 per
771 3005 910 3071 Felicem.

161 3099 292 3184 Qintus
307 3097 433 3180 Kinigils
448 3117 501 3162 rex
515 3094 664 3162 Westsexe
677 3116 730 3182 per
744 3096 892 3159 Birlnurn.

161 3189 270 3250 Sextus
283 3182 381 3247 Penda
393 3204 444 3247 rex
458 3186 640 3248 Mescinium
655 3205 707 3268 per
721 3185 902 3250 Finnauum.

162 3273 308 3356 Septimus
322 3291 376 3336 rex
392 3270 548 3338 Edelwolf
557 3271 686 3338 Austral;
703 3273 861 3335 Saxonum
873 3293 926 3357 per
940 3273 1088 3343 Birinum.

530 3388 580 3448 Ex
594 3383 665 3448 libr.-
682 3405 713 3468 3.

137 3484 309 3634 ug3rocmail
318 3483 469 3570 protector
482 3482 540 3547 defi
541 3499 648 3570 gnatus
657 3483 876 3551 monachorum
883 3483 1133 3552 Banchotenlium

115 3592 136 3634 a
171 3593 189 3634 u
212 3573 252 3636 ’t.·
829 3588 835 3598 ·
1046 3590 1048 3595 ·

158 3591 243 3746 Qffin
257 3659 287 3724 δι
301 3661 453 3724 Mevanias
466 3658 572 3724 insulas
582 3660 707 3746 imperio
719 3659 885 3747 subjugavit
896 3646 979 3748 (sup.
992 3646 1134 3726 siwinus

114 3768 174 3812 rex
188 3747 407 3834 Nerthumbrs)
421 3749 512 3832 Angl:
522 3751 661 3835 Quarum
676 3753 759 3832 prior
769 3771 838 3835 quae
850 3751 1044 3826 adnuitrum
1053 3749 1134 3815 est&

116 3833 174 3901 sttu
188 3836 315 3922 amplior
329 3835 359 3900 lit
373 3837 496 3922 frugum
511 3853 656 3921 proventu
675 3854 766 3920 atque
780 3839 915 3916 ubertate
930 3837 1044 3903 felicior
1059 3848 1133 3900 non·

115 3938 277 4004 gentarum
287 3920 438 4006 sexaginta
452 3923 631 3988 familiarum
644 3923 824 4005 mensuram,
846 3924 973 3993 secunda
994 3941 1133 4010 trecenta·
1158 3979 1165 3986 .

83 4063 87 4070 .
116 4028 184 4074 rum
200 4009 229 4074 ἃ
243 4009 324 4076 ultra
338 4007 466 4093 spatium
483 4027 574 4076 tenet.
658 4079 662 4090 ,
1038 4076 1042 4083 ,

159 4096 327 4161 Monachus
343 4095 402 4181 ipse
416 4115 479 4162 erat
497 4099 535 4162 de
558 4097 649 4164 insula
671 4123 740 4184 quae
761 4116 882 4165 vocatur
897 4098 947 4177 ffi,
969 4104 1131 4184 cujusmo·
1143 4111 1263 4162 mum.

114 4179 231 4250 uallet:
266 4186 553 4269 Septentrionalium
577 4191 748 4253 Scottorum
774 4191 804 4251 Sc
822 4189 957 4252 omnium
979 4189 1131 4251 Pictorum
1141 4177 1246 4255 quinque
1259 4178 1296 4228 ἢ·

114 4289 214 4338 urcem
229 4273 360 4342 tenebat.
389 4277 481 4367 ,Qae
492 4272 588 4353 ,insula
599 4277 641 4346 ad
662 4279 714 4366 jus
728 4279 814 4368 quod
830 4278 990 4358 Britannia
1004 4276 1132 4364 pertinet
1141 4259 1175 4292 ¹¹¹¹
1195 4259 1270 4294 Μ

85 4375 94 4392 ‘
1070 4383 1133 4436 uon
