2934 4900
236 219 301 303 146
532 208 834 295 toaatrtts
888 208 1209 283 tatanus.

351 354 437 436 jtttns
451 346 575 419 auxilio.
598 346 681 430 quod
698 366 764 428 pars
779 346 899 416 muralis
912 346 996 417 ultro
1011 348 1150 413 decidens
1164 348 1324 434 ingressum
1338 341 1389 419 illi

355 436 536 525 patefecerit.
579 438 657 497 Nam
679 432 789 516 &ipsa
814 434 955 498 audacius
969 458 1038 500 eam
1052 436 1196 511 assilierat,
1220 437 1390 520 protestans

357 529 493 591 homines
520 524 709 585 irreverentes
731 524 788 585 Dei
815 520 1010 585 dissituen'dos
1033 518 1185 608 suffragio,
1209 528 1283 609 quia
1306 548 1389 594 unus

357 634 462 677 eorum
478 608 565 693 supra
579 630 698 671 murum
715 608 804 673 ilaus>
818 611 931 686 nudato
946 613 1069 694 inguine
1083 632 1167 675 auras
1192 610 1294 682 sonitu
1310 612 1388 677 inse·

357 704 443 773 [ioris
469 701 561 783 partis
584 699 766 773 turbaverat,
798 719 853 781 pro
871 715 1048 785 contemptu
1073 700 1211 765 videlicet
1234 704 1386 766 Norman-

357 808 481 861 norum.
810 787 813 794 ¹
837 830 841 837 ·
997 787 1000 793 ’
1186 846 1191 857 .

402 878 571 939 Eboracum
595 874 744 937 civitatem
760 868 881 945 unicum
897 873 1093 944 rebellionum
1110 871 1289 959 suffugium,
1313 878 1389 941 civi·

359 960 429 1039 bus,
454 983 526 1047 pene
543 962 661 1034 delevit,
677 956 757 1032 ferro
772 962 800 1028 &
815 960 894 1031 same
909 963 1028 1031 necatis.
1073 964 1119 1025 Ibi
1132 966 1214 1027 euim
1228 984 1284 1037 rear
1296 966 1389 1029 Scot-

354 1068 461 1133 torum
477 1071 531 1115 tex
541 1050 724 1184 ssaloelmus
738 1069 808 1112 cum
825 1048 892 1125 suis,
916 1052 958 1116 ibi
974 1051 1123 1135 Edgarua,
1139 1052 1169 1115 ἃ
1183 1053 1387 1133 Marcherius,

524 1152 539 1201 p
559 1150 586 1183 us

356 1202 390 1267 ’ἃ
412 1202 596 1268 Weldeodus
605 1222 680 1281 ,cum
694 1200 802 1351 Anglis
815 1205 845 1265 ἃ
860 1204 955 1267 Danis
975 1203 1081 1271 nidum
1107 1204 1296 1285 tyrannicum
1310 1202 1390 1290 saepe

360 1288 511 1367 sotebant,
533 1288 609 1373 saepe
621 1290 710 1363 duces
724 1290 744 1351 il
757 1291 805 1352 ius
821 1290 1019 1354 trucidabant.
1116 1288 1120 1295 ’

405 1384 598 1465 Quapropter
615 1376 717 1442 coasia
734 1378 912 1459 peditum&
936 1378 1067 1449 militum
1088 1400 1180 1442 manu
1202 1380 1389 1465 aquilonales

354 1464 465 1531 insulae
479 1483 577 1551 partes
592 1466 688 1550 petiit,
705 1467 735 1527 &
746 1465 846 1548 primo
860 1467 968 1542 urbem
981 1468 1172 1551 metropolin,
1196 1486 1293 1551 quarn
1307 1471 1388 1533 Dani

361 1576 435 1619 cum
446 1556 598 1643 Anglis&
622 1553 731 1617 Scottis
746 1555 890 1617 obilinate
905 1556 1057 1629 tenebant,
1081 1558 1111 1617 in
1137 1554 1321 1621 deditionem
1339 1578 1387 1621 ac-

361 1644 451 1725 cepit,
474 1643 591 1706 civibus
607 1641 695 1725 longa
717 1641 814 1704 inedia
830 1638 1024 1727 consumptis.
1070 1646 1243 1708 Maximum
1262 1666 1388 1729 quoque

360 1727 495 1794 hostium
506 1749 680 1805 numerum,
697 1728 753 1812 qui
767 1727 882 1793 obsessis
897 1730 929 1794 in
943 1730 1092 1798 auxilium
1105 1751 1319 1809 convenerant,
1342 1736 1388 1797 in·

360 1820 445 1905 genti
459 1822 488 1883 &
500 1822 585 1903 gravi
599 1819 707 1900 proelio
722 1815 813 1892 fudit,
836 1838 897 1881 non
912 1821 1066 1882 incruenta
1081 1818 1135 1881 srbi
1159 1818 1287 1884 visioria
1308 1820 1388 1885 mul·

362 1924 409 1971 tos
433 1904 558 1971 suorum
578 1905 728 1970 amittens.
774 1908 862 1969 Tunc
883 1906 974 1971 totius
996 1907 1125 1990 regionis
1144 1909 1225 1971 vicos
1245 1912 1275 1971 81
1299 1930 1389 1994 agros

359 1998 525 2077 corrumpi,
547 1992 666 2057 srusius
685 1990 830 2075 &fruges
849 1997 919 2077 igne
943 1995 991 2059 vel
1013 2016 1092 2079 aqua
1106 1993 1390 2079 labefaslarijubet.

362 2083 515 2146 Maritima
539 2084 671 2145 maxime
693 2101 764 2143 curn
787 2099 911 2168 propter
932 2098 1083 2147 recentem
1110 2082 1197 2160 itam,
1233 2102 1300 2148 tum
1317 2088 1390 2171 quia

363 2174 536 2233 cnutonem
559 2174 720 2237 Danorum
741 2188 844 2252 regem
864 2168 963 2233 filiurn
988 2174 1080 2235 Suani
1105 2191 1209 2238 rumor
1229 2175 1390 2237 adventare

358 2254 516 2341 sparserat.
562 2260 605 2319 Ea
621 2258 764 2341 praecepti
777 2256 855 2319 ratio
868 2273 902 2321 ut
917 2257 994 2322 nihil
1008 2261 1086 2323 cirea
1099 2280 1186 2323 oram
1204 2261 1388 2327 maritimam

363 2347 467 2431 praedo
482 2346 630 2429 pyraticus
645 2344 789 2408 inveniret
803 2344 905 2409 secum
918 2343 1120 2431 asportaturus
1135 2346 1389 2432 st'remeandum3

362 2436 411 2500 vel
425 2433 497 2498 sami
513 2428 701 2499 consulturus
725 2431 748 2497 st
773 2432 889 2498 diutius
902 2428 1085 2500 manendum
1107 2453 1237 2520 putaret.
1282 2442 1390 2522 Itaque

362 2525 523 2610 provintiae
537 2525 694 2607 quondam
707 2520 823 2596 fertilis,
846 2524 876 2584 ἃ
891 2542 1083 2605 tyrannorum
1103 2527 1265 2590 nutriculae
1287 2528 1389 2592 incen-

366 2613 430 2688 dio,
451 2612 561 2695 praeda,
584 2609 724 2694 sanguine
740 2613 820 2674 nervi
836 2608 947 2688 succisa,
972 2614 1084 2676 humus
1099 2634 1151 2695 per
1166 2616 1259 2679 bo&
1275 2635 1313 2677 eo
1326 2638 1389 2680 am·

350 2701 444 2783 'plius
458 2699 585 2762 miliaria
596 2697 787 2762 omnifariam
802 2700 924 2788 inculta,
940 2701 1060 2764 nudum
1076 2702 1210 2783 omnium
1225 2699 1325 2766 solum
1343 2701 1390 2768 us·

363 2809 425 2870 que
450 2786 573 2852 adhoc
597 2789 691 2859 etiam
715 2802 842 2870 tempus.
887 2789 985 2852 Urbes
1006 2789 1078 2851 olim
1099 2791 1264 2871 praelarus,
1299 2784 1395 2856 turres

363 2875 543 2960 proceritate
556 2870 608 2938 sua
622 2878 654 2938 in
668 2875 783 2937 coelum
797 2876 952 2950 minantes,
975 2899 1063 2960 agros
1076 2877 1161 2939 laetos
1175 2875 1303 2960 pascuis,
1327 2883 1390 2944 irri-

362 2983 438 3048 guos
452 2962 506 3026 flu:
527 2962 632 3050 saquis
647 2963 740 3026 modo
758 2963 841 3026 uidet
861 2967 1034 3049 peregrinus
1050 2965 1195 3049 ingemit3
1218 2963 1242 3029 st
1261 2971 1333 3056 quis
1347 2966 1391 3033 su-

364 3049 458 3136 peresi
472 3065 557 3113 vetus
570 3051 678 3127 incola,
700 3073 760 3114 non
772 3047 914 3135 agnoscit.

408 3140 581 3224 Radbertus
597 3140 634 3202 de
647 3139 795 3219 Melbyria
808 3160 908 3223 comes
920 3139 1123 3203 Nortlsumbrt

410 3228 548 3311 Edgarus
568 3229 605 3290 ab
618 3225 781 3308 Hierosoly:
798 3227 828 3289 in
843 3227 986 3312 Angliam
1008 3229 1141 3314 rediens)
1153 3249 1237 3295 nunc
1256 3247 1392 3297 remotus

365 3317 395 3380 bc
410 3317 515 3380 tacitus
530 3335 619 3378 canos
634 3312 700 3378 suos
712 3317 741 3377 in
759 3336 833 3450 adgro
846 3313 1003 3380 consumit.
1043 3341 1046 3349 .

751 3417 763 3449 1

408 3469 555 3535 Edwinus
575 3467 820 3576 &²Morchapus
834 3483 919 3532 erant
932 3465 1047 3547 fratres,
1070 3468 1126 3536 filii
1150 3469 1167 3518 b
1185 3469 1315 3579 Elsgari,
1338 3473 1392 3538 filii

365 3597 507 3666 Leoftici.
553 3601 592 3665 Hi
613 3602 791 3666 comitatum
808 3599 1008 3669 Nerthumbt:
1031 3598 1224 3687 susceperant,
1255 3605 1287 3668 a
1309 3625 1391 3672 com·

364 3689 451 3752 muni
466 3689 595 3754 umbone
609 3689 730 3772 pacifice
747 3690 919 3753 tuebantur.
951 3687 954 3697 '

408 3775 556 3852 -Tosiinus
571 3775 662 3840 stater
682 3776 806 3840 Haroldi
829 3776 946 3845 rediens
971 3778 1003 3840 in
1018 3777 1111 3866 Angla
1125 3799 1198 3849 cunt
1216 3799 1288 3866 rege
1302 3781 1393 3849 Nori·

365 3885 471 3930 corum
489 3865 611 3948 ptoeloc
631 3862 706 3927 aesus
722 3864 766 3926 est
780 3866 810 3927 &
824 3866 917 3928 Ebot:
934 3864 1078 3948 sepultus.
1340 3933 1347 3941 ,

203 3975 298 4030 tantini
316 3977 340 4026 8<
409 3949 564 4016 Postremo
589 3975 643 4015 nec
663 3953 691 4013 vi
716 3973 772 4016 nec
796 3953 867 4016 dolo
880 3951 1021 4030 hostium,
1044 3953 1093 4016 sed
1119 3953 1240 4036 suorum
1266 3956 1393 4041 perfidia

202 4044 342 4121 Morchttdl
369 4041 507 4104 trucidati
522 4061 622 4125 regem
639 4041 677 4103 ad
689 4040 846 4104 lachrimas
858 4041 984 4106 flexere:
997 4041 1118 4125 'quibus
1129 4042 1190 4125 ipse
1205 4047 1235 4107 a
1249 4046 1343 4126 conju
1365 4044 1393 4108 ia

201 4119 319 4160 ‘mmmm
367 4131 609 4212 cognatarum&
625 4127 790 4192 amicitiaet
809 4129 982 4214 dignatione
999 4132 1063 4212 jam
1078 4133 1196 4215 pridem
1214 4131 1328 4198 indulsi
1351 4147 1392 4211 et,

121 4176 123 4183 ’
203 4175 341 4224 Nerthum·
473 4218 480 4232 ,
620 4219 627 4234 ,

202 4244 241 4295 bt:
253 4227 338 4294 cetea
366 4215 388 4280 sl
403 4224 414 4257 ⁶
428 4233 528 4301 qutcte
543 4215 723 4301 acquiescere
738 4215 860 4307 vellent.
907 4273 911 4278 .

399 4331 475 4382 ³St'c.
526 4328 599 4380 bSr't·
641 4327 935 4395 ‘argentoriamet
945 4328 1021 4383 Satis.
1071 4326 1360 4400 tQietitnEtl.savit.

1181 4395 1390 4484 Waldpophus
