2934 4900
239 241 305 304 nt
497 221 1200 309 toanntsnnnnnnt

364 355 654 431 Nerthumbrortm
687 353 738 421 sed
763 375 801 419 eo
825 357 940 420 vivente
962 351 1102 440 separata,
1125 353 1208 440 apud
1238 352 1407 420 Winbutn

366 440 520 510 constituit
534 443 695 509 abbatiam.

411 533 591 616 Kenulphut
614 540 695 595 rex*
717 527 863 594 Wesssax:
883 531 922 594 ab
945 529 1061 594 Orient:
1090 531 1198 614 Anglis
1221 529 1407 594 intertettus

367 619 419 693 est,
442 619 575 704 eoquod
597 639 724 702 regnum
741 621 858 682 Orient:
880 620 1048 702 Anglorurn
1065 635 1098 680 ur
1114 617 1202 680 sunm
1227 620 1244 680 d
1262 635 1408 701 tempore

367 707 443 772 offae
470 709 546 789 regis
573 707 762 768 invadere&
789 705 843 770 fibi
868 707 1022 772 vendicare
1047 706 1193 770 tentavit:
1226 710 1282 792 qui
1320 703 1408 788 apud

367 793 617 860 winchelcumbe
632 790 782 878 sepelitur.
1023 855 1025 864 s

412 881 596 1032 Qrsendreda
621 883 649 943 ἃ
670 880 835 966 Burgenild
851 877 962 946 sorores
988 901 1137 966 germanae
1160 881 1304 945 Kenelmi
1327 881 1408 965 regit

370 969 453 1033 West
467 991 518 1031 axa

307 1134 312 1140 ,
414 1053 577 1120 Kenelmu's
592 1051 705 1118 occisus
726 1055 766 1120 ab
784 1054 950 1120 Askeberto
970 1041 1036 1139 ejus
1050 1056 1178 1120 nutritio
1200 1057 1230 1120 ἃ
1257 1076 1405 1143 procura·

1018 1160 1026 1191 l

373 1227 439 1275 tore
452 1207 576 1274 confilio
589 1207 778 1293 Qrendredae
794 1210 823 1270 in
838 1209 913 1272 valle
927 1210 964 1274 de
979 1210 1079 1275 Clent.

367 1299 372 1304 ’
417 1298 601 1383 Qendreda
611 1293 732 1360 r'nortuo
748 1292 893 1359 Ke'netmo
908 1300 1034 1382 imperio
1051 1298 1143 1379 potita
1157 1297 1211 1360 est.

418 1389 507 1448 C'ent
521 1406 560 1448 ex
582 1403 668 1448 vacca
694 1386 773 1462 alba,
797 1387 894 1449 indice
918 1384 1064 1470 sepulchri
1084 1385 1233 1462 Kenelmi,
1258 1382 1406 1449 Cowdast

375 1475 470 1558 vulgo
483 1473 651 1558 appellarat
788 1555 790 1560 Ι
968 1479 972 1488 “

553 1562 588 1623 In
602 1559 745 1641 Clentjitb
752 1562 841 1643 spina
848 1560 934 1643 jacet
949 1563 979 1624 in
994 1561 1124 1625 convalle
1140 1561 1259 1639 bovina,

551 1651 667 1712 Vertice
681 1661 838 1714 truncatus
856 1649 1006 1714 Kenelmus
1022 1672 1092 1734 rege
1104 1663 1236 1712 creatus.

364 1737 372 1749 '
421 1731 606 1823 Qiendreda
620 1737 800 1800 incantatrix
817 1738 920 1800 oculos
931 1739 963 1800 in
977 1734 1080 1800 funere
1095 1735 1235 1801 Kenelmi
1251 1732 1404 1799 Winchel·

378 1830 493 1889 cnmbae
505 1823 606 1887 misere
623 1823 762 1904 perdidit.
807 1827 880 1905 Ejus
894 1825 1074 1908 psalterium,
1098 1823 1183 1908 super
1211 1824 1300 1910 quod
1326 1821 1405 1886 oculi

379 1914 583 1987 defluxerunt,
606 1911 719 1976 ibidem
735 1909 874 1976 servatur.

425 1999 493 2064 Post
509 1995 719 2080 Ber'nuiphum
730 1997 761 2060 in
774 2021 867 2082 regno
882 2001 1002 2064 Merciae
1016 1995 1145 2062 successit
1155 1998 1346 2075 Ludecanns,
1358 1998 1407 2059 cui

216 2085 343 2151 ²²8·²³³·
382 2085 510 2152 successit
534 2085 713 2160 irretitus,
738 2087 925 2150 construsior
950 2085 1169 2152 Herefordenfis
1194 2086 1334 2161 ecclefiae,
1357 2088 1405 2149 cui

186 2183 190 2187 '
382 2172 512 2239 succeffit
529 2173 718 2257 Wiglaphus,
733 2179 782 2236 cui
795 2171 924 2238 successit
939 2177 1132 2257 Bertulphus‚
1148 2176 1233 2255 cujus
1245 2175 1327 2239 filius
1337 2177 1404 2238 Ber·

382 2263 478 2328 sertus
493 2262 610 2324 nornine
624 2277 785 2343 cognatum
801 2259 885 2328 suum
905 2266 935 2330 S.
950 2262 1121 2326 Wisiannm
1142 2261 1247 2344 injuste
1271 2253 1405 2346 peremit.

385 2355 458 2415 Erat
473 2370 564 2432 nepos
580 2348 713 2412 duorum
726 2370 833 2434 regum
847 2350 884 2414 de
895 2373 959 2436 reg:
974 2353 1174 2414 'Merciorurn

293 2459 295 2462 ·
409 2457 413 2464 ’
430 2436 567 2502 Elsredus
580 2439 704 2501 ultimus
720 2460 782 2515 rex,
806 2437 864 2503 srve
876 2440 949 2517 dux,
966 2439 1159 2516 Merciorum,
1175 2439 1225 2505 cui
1240 2436 1340 2525 nupsit
1356 2435 1404 2503 El·

383 2529 475 2599 deda,
498 2526 613 2590 Alsredi
628 2523 773 2591 Westsax:
790 2529 867 2613 regis
882 2527 951 2591 filia.

430 2612 527 2680 offrid
542 2610 685 2675 &Edsrid
704 2614 758 2675 filii
772 2614 889 2677 Edwini
905 2618 982 2700 regis
993 2614 1273 2681 Northumbrorum
1284 2634 1322 2677 ex
1333 2616 1405 2676 Ean·

386 2700 492 2785 burga,
517 2701 578 2763 fitia
593 2702 692 2763 Cearli
707 2704 785 2785 regis
800 2704 991 2778 Merciorum,
1014 2700 1152 2787 baptisati
1171 2700 1237 2765 sunt
1254 2722 1271 2763 a
1287 2701 1405 2767 Paulino

386 2784 612 2871 archiepiscopo
635 2787 728 2849 Ebot:
755 2806 886 2872 tempore
910 2791 999 2855 etiarn
1022 2788 1154 2875 sequenti
1177 2790 1263 2853 liberi
1285 2792 1348 2869 ejus
1372 2788 1405 2849 de

389 2877 575 2959 Ethelburga
590 2877 736 2959 progeniti
756 2877 955 2962 baptizantur,
979 2899 1110 2965 quorum
1126 2878 1187 2941 duo
1202 2878 1234 2941 in
1254 2878 1349 2941 Ebora
1365 2894 1405 2937 ac·

389 2964 476 3030 tlesra
498 2963 594 3043 postea
610 2960 675 3026 sunt
689 2961 803 3046 sepulti.

435 3055 474 3120 Hi
490 3049 584 3114 insula
594 3053 712 3126 scotia,
738 3052 796 3115 five
811 3054 919 3129 Hiona,
942 3054 1069 3137 Anglice
1084 3052 1332 3136 Hicolumguiile.

367 3162 371 3170 ·
436 3140 586 3226 Egbertus
600 3137 746 3221 Anglicus
763 3143 879 3204 Scottos
893 3141 924 3205 in
943 3133 1146 3205 observatione
1163 3137 1294 3205 Paschali
1314 3159 1406 3203 erran·

315 3292 319 3299 ,
392 3244 437 3293 tes
452 3228 590 3291 correxit.

436 3318 586 3379 Pinnanus
601 3311 758 3397 episcopus
773 3316 804 3381 in
818 3312 912 3380 insula
924 3313 1155 3381 Lindisfarnenst
1167 3314 1205 3379 de
1214 3311 1293 3379 sesto
1303 3312 1406 3376 robore

215 3406 229 3429 ”
241 3414 264 3441 '·
392 3402 541 3469 ecclesiam
557 3416 652 3465 totam
672 3400 755 3478 fecit,
778 3424 873 3485 quam
889 3425 958 3469 cum
975 3406 1159 3469 Theodorus
1179 3400 1405 3486 archiepiscopus

393 3490 561 3564 dedicasset,
586 3490 736 3555 Edbettus
750 3490 904 3575 episcopus
916 3491 1028 3555 tectum
1040 3493 1169 3577 plumbo
1182 3492 1313 3573 operuit.

435 3578 621 3653 Tunbertus‚
644 3575 826 3641 Australiunr
838 3581 1012 3643 Girviorurn
1028 3583 1174 3664 princeps,
1198 3579 1313 3661 primus
1328 3580 1357 3641 S.
1372 3577 1404 3637 Ε·

393 3663 550 3754 theldridae
563 3666 702 3732 maritus.
745 3664 888 3751 Egsridus
900 3683 1002 3733 autem
1024 3688 1079 3733 rex
1096 3666 1301 3731 Northumbr:
1316 3662 1404 3731 secun·

394 3754 537 3821 duserat.
674 3757 676 3760 ’

441 3839 605 3905 Edelredus
621 3860 674 3906 rex
690 3840 787 3906 Mete:
811 3842 950 3903 Cantiam
966 3838 1098 3917 vastavit,
1121 3841 1203 3906 unde
1227 3838 1407 3908 Rouecesiria

398 3926 557 3993 destruera.
604 3930 692 3989 Putta
711 3926 865 4011 episcopus
882 3928 952 3992 inde
968 3927 1057 4015 fugit,
1079 3928 1130 3994 cui
1155 3936 1200 3994 10.
1213 3930 1406 4005 Chichelmus,

398 4016 498 4103 postea
509 4035 579 4081 vero
590 4012 788 4079 Gilemundus
804 4014 1008 4082 successerunt.

442 4164 547 4233 Occiso
560 4166 686 4230 Ecsrido
709 4188 778 4251 tege
791 4168 993 4235 Northumbr:
1018 4169 1036 4235 ὲ
1059 4169 1150 4238 Pictis
1164 4124 1256 4240 abbat
1271 4170 1313 4259 de.
1323 4102 1408 4235 iber-

457 4338 461 4345 ·
595 4324 608 4354 ¹
628 4324 744 4376 Mttciot:
753 4324 829 4395 supra
841 4324 881 4377 sin.
891 4324 917 4377 as
929 4326 973 4379 assa
984 4344 1018 4379 m·

574 4408 594 4459 2
630 4469 633 4474 y
1201 4408 1204 4417 ’
1310 4411 1408 4476 curny,
