2934 4900
239 239 583 344 rotronis
630 215 1011 343 nantario.

99 421 374 507 ardio'Christi
409 447 603 502 oeonxvt.
643 419 726 501 ase
758 424 920 519 vidum,
961 432 997 503 δε
1029 421 1134 502 occi·
1201 475 1206 491 ·

104 537 207 631 sum,
237 541 287 615 A.
309 537 358 614 D.
379 563 440 614 vr.
462 536 548 618 Kal.
568 533 645 636 Jul.
691 535 743 614 Et
771 532 836 613 hic
856 563 1057 628 nummus,
1085 535 1135 616 de
1194 540 1196 545 ’

100 675 182 754 quo
207 649 418 756 loquimur,
449 648 658 744 admodum
687 673 790 726 rarus
817 648 893 742 est3
927 675 1049 754 quum
1069 647 1134 729 alii

101 787 236 838 omnes
273 760 447 838 Valentis
481 760 646 854 nummi,
701 777 832 864 praetet
870 787 982 861 aereos
1021 787 1136 865 gran-

101 873 229 952 diores
245 893 272 962 a,
295 872 365 948 srnt
387 871 470 948 satis
493 895 730 950 communes.
786 871 873 949 Nec
899 869 1062 977 quidem
1080 870 1136 951 est

95 983 278 1088 suspedtae
306 982 408 1073 fidei,
440 983 502 1060 sed
526 983 634 1088 pinne
663 982 758 1059 inter
795 983 976 1090 genuinos
1001 1011 1133 1063 recen-

100 1095 250 1176 sendus.
309 1094 420 1172 Adeo
452 1115 493 1174 ut
522 1095 612 1172 hinc
645 1094 783 1172 discere
802 1095 1010 1202 'poffimua
1041 1113 1133 1175 tunc

98 1209 220 1286 etium
252 1206 432 1312 temporis
462 1209 596 1284 urbem
632 1204 729 1283 hanc
761 1207 948 1313 iolignem
977 1229 1136 1284 Loum-

102 1343 201 1404 uvM
225 1319 350 1425 (quod
370 1319 662 1396 vetustiffimum
690 1345 831 1396 nornen
862 1316 933 1418 est)
956 1346 1136 1397 nonuun-

101 1457 225 1537 quam
242 1427 346 1508 tuiffe
358 1451 541 1525 vocatam,
556 1431 942 1540 quamvisAvovsrn
955 1429 1136 1535 frequen-

102 1545 179 1623 tius
199 1544 396 1633 diceretur,
427 1543 477 1619 ob
496 1543 721 1648 dignitatem
746 1569 823 1650 qua
841 1541 980 1620 floruit.
1023 1543 1135 1649 Qun

103 1659 147 1735 &
169 1655 207 1731 in
228 1655 415 1732 Britannia
434 1653 556 1733 nostra
586 1646 653 1732 alia
687 1655 771 1731 sunt
804 1652 960 1762 oppida,
991 1682 1074 1760 quae
1095 1657 1135 1733 dc

103 1767 185 1876 ipsa
205 1766 371 1844 fimiliter
388 1763 585 1856 Alcestrian
615 1765 673 1846 vel
691 1768 812 1872 (quod
829 1770 933 1843 idem
950 1763 1021 1869 est)
1034 1767 1136 1845 Ald-
1167 1848 1170 1854 4

104 1875 386 1984 borough,s1ve
408 1877 696 1984 Oldburrough,
725 1877 973 1984 appellantur.
1004 1881 1136 1986 Atque

1209 283 1300 372 aut

70 1994 75 2002 “
104 1994 155 2070 de
172 1990 229 2068 his
257 1991 390 2074 itidem
424 1991 462 2067 in
491 1989 751 2068 Differtatione
782 1988 903 2068 nostra
922 1989 1136 2094 Epistolari.
1219 2077 1227 2092 ,

104 2105 173 2180 Ab
191 2101 413 2210 antiquitate
429 2102 567 2179 scilicet
587 2130 725 2180 nornen
741 2102 827 2182 sunt
847 2119 1033 2190 mutuata,
1056 2129 1135 2182 nou

108 2217 158 2296 ab
178 2215 344 2292 Alieno.
375 2215 437 2291 Eo
453 2215 569 2292 modo
584 2241 661 2320 quo
677 2213 894 2320 Aldersgate
908 2215 947 2290 dc
960 2213 1135 2319 Aldgate,

106 2327 195 2404 duae
215 2323 237 2403 ὲ
258 2325 450 2434 praeeipuis
470 2325 541 2403 illis
562 2325 690 2432 portin,
721 2327 859 2433 quibus
885 2345 1015 2432 patent
1035 2355 1135 2406 moe-

106 2440 173 2521 nia
191 2437 457 2531 Loudineofi'a,
480 2441 527 2516 a'b
542 2437 775 2545 antiquitate,
806 2468 880 2517 uon
902 2441 949 2517 ab
969 2437 1136 2535 AllectO,

107 2555 193 2632 sunt
214 2550 477 2655 denominatae.
528 2550 639 2628 Adeo
656 2570 698 2628 ut
717 2549 817 2628 hisce
838 2552 949 2658 portis
970 2552 1136 2633 nonalia

107 2666 225 2745 etiarn
260 2664 307 2756 ab
335 2662 531 2741 hodiernis
566 2664 722 2741 nomina
762 2666 879 2741 indita
910 2662 1036 2757 effent,
1076 2690 1136 2742 re-

108 2805 199 2857 rum
233 2774 357 2883 potitis
387 2772 762 2882 Anglo-Saxonibus,
794 2776 861 2883 qui
894 2777 933 2853 δε
963 2770 984 2851 ὲ
1014 2802 1135 2853 num-

109 2890 198 2983 mis,
228 2888 281 2965 ibi
310 2888 474 2993 repertis,
505 2887 691 2965 Romanis
718 2885 988 2994 antiquissimas
1012 2885 1137 2981 fuisse,

110 3004 150 3080 dc
182 3002 230 3080 ab
263 2996 470 3078 artificibui
491 2994 695 3077 'solertibus
733 3004 936 3093 extrudat,
983 2998 1139 3104 collige·

110 3116 217 3193 bant.
256 3188 261 3199 ,
279 3110 340 3189 Ex
358 3108 414 3189 his
433 3110 588 3218 proinde
609 3134 693 3225 quae
713 3111 883 3189 diximus
903 3108 1047 3188 constet
1067 3139 1139 3189 no·

111 3227 183 3335 bis!
198 3240 344 3331 oportet
362 3221 412 3305 cl.
435 3248 589 3328 quoque
609 3222 924 3302 nt'oscnnvrou
945 3221 1140 3304 Exonien-

111 3314 192 3423 sem
214 3333 300 3442 (qui
322 3334 481 3414 breviter
510 3336 556 3411 ad
591 3360 653 3411 me
677 3334 816 3441 scripsrt
847 3335 894 3414 de
926 3331 1002 3411 hoc
1035 3333 1140 3441 pavi-

113 3467 245 3527 mento
278 3468 484 3554 antequam
519 3444 824 3536 Difl'er'tationern
861 3446 909 3523 de
943 3444 1014 3522 iilo
1040 3445 1139 3554 typis

114 3556 357 3661 mandaram)
380 3561 491 3663 longe
510 3556 589 3634 falli
612 3558 804 3665 opinione,
834 3554 1039 3634 aedifrcium
1069 3586 1141 3637 no·
1196 3624 1200 3632 .

114 3673 235 3757 strum
264 3669 587 3753 Stunsfeldianuut
608 3670 654 3745 ab
678 3670 815 3749 eodem
835 3668 969 3760 itidet‘n
987 3668 1141 3749 Alletto

115 3784 302 3871 struetum
321 3779 429 3861 fuiffe
447 3781 767 3881 existimantem.)

114 4043 122 4059 ⁵
151 4044 165 4081 1¹
180 4039 240 4090 Vide
260 4039 340 4088 Savoti
357 4038 473 4102 judicium
486 4038 514 4087 de
530 4040 587 4087 ruris
599 4039 624 4087 St
639 4039 789 4087 communib.
804 4038 881 4103 impp.
897 4042 972 4087 Rom.
991 4037 1097 4088 nummis
1112 4040 1140 4090 ad

115 4104 301 4170 calcemprimae
322 4106 397 4153 Partis
414 4106 557 4168 Appendicis
573 4106 601 4153 'nd
619 4105 717 4153 lelandi
734 4104 796 4152 Coil.
816 4123 839 4168 p.
862 4112 917 4154 280.
937 4106 978 4171 qui
990 4117 1069 4153 tamen
1089 4122 1140 4155 non

115 4171 216 4235 senserat
228 4169 252 4228 &
263 4172 329 4229 huuc
339 4170 448 4231 uestrum
458 4186 586 4227 nummum
597 4188 640 4237 pro
652 4188 704 4223 raro
716 4168 759 4219 esse
768 4170 915 4221 habendum,

942 4239 975 4343 §.
999 4239 1144 4320 12.Ce·
