2934 4900
183 226 551 317 aurtouaurt
588 203 1016 328 eott'ncr'aunn.
1229 205 1264 307 1'7

83 358 211 423 fedum
229 350 495 444 tsenbardt'papte
511 380 581 424 cum
596 362 728 443 append:

84 448 209 510 Fedum
228 452 377 514 Viennun
393 454 500 513 Stolres
514 469 583 511 cum
599 448 728 531 append:

85 536 211 599 Fedum
228 539 399 623 Ingelrami
414 542 443 601 iu
460 538 562 600 eadem
576 536 655 600 villa.

83 625 208 687 Pedum
226 626 416 690 Robertide
435 628 483 689 Oli
499 628 564 705 [in]
582 618 761 699 craneford,
818 630 820 634 ’
879 648 885 656 ·

451 750 462 781 S

83 798 207 861 Fedum
230 801 383 865 Richardi
399 804 469 883 Eng
483 801 513 863 in
530 798 698 883 Berigfeld.

84 887 161 951 Gnl.
179 892 365 974 Haregrare
379 904 460 951 tenet
475 891 505 951 iu
522 890 625 969 Euger
638 908 709 951 cum
725 883 856 969 append:

82 975 282 1039 'ledbaldus
296 993 377 1041 tenet
391 978 422 1039 in
437 974 626 1058 Brunghirll.

83 1061 288 1129 Godefridus
301 1066 340 1129 de
362 1065 519 1128 Camberei
545 1079 626 1127 tenet
647 1065 679 1128 in
699 1061 889 1125 Plumbetere
914 1062 944 1122 8
960 1060 1087 1127 Berham

48 1170 113 1213 cum
128 1152 275 1234 append.
461 1173 465 1185 ·
1046 1170 1049 1177 ·

82 1236 255 1307 Galfridus
273 1240 311 1303 de
322 1241 459 1307 Neovilla
473 1254 553 1301 tenet
566 1239 597 1301 in
608 1236 764 1301 Walecote
777 1256 845 1299 curn
862 1254 932 1319 app:

86 1328 258 1391 Pancevolt
276 1344 357 1391 tenet
370 1331 401 1392 in
416 1327 538 1393 Estono.
576 1359 579 1362 ,
879 1333 882 1339 '

85 1412 282 1478 Anserredus
296 1432 377 1479 tenet
392 1418 421 1480 in
437 1419 571 1479 Overton
586 1415 617 1477 dt
633 1413 756 1495 Thorp.
860 1484 863 1490 ⁵

90 1504 233 1566 Tuticus
253 1520 336 1567 tenet
351 1504 383 1567 in
399 1501 567 1568 Ermellun.
1118 1546 1128 1561 .
1152 1560 1157 1567 .

88 1592 244 1653 Unuanus
263 1607 467 1655 tenementum
479 1607 561 1654 tenet
571 1592 602 1653 iu
619 1585 803 1666 Kirkclelde,
828 1589 1085 1674 Wermington&
1167 1586 1184 1677 ‘-

54 1676 179 1743 Undele.
828 1704 833 1711 ·
1032 1698 1036 1705 “

90 1764 249 1830 Olbernus
268 1782 348 1831 tenet
363 1772 395 1831 in
411 1765 601 1831 Wodecroft.

91 1856 247 1920 Geroldus
261 1871 346 1920 tenet
359 1859 389 1919 in
405 1835 551 1919 Muscdm.
742 1892 745 1897 ·
790 1925 795 1934 Ἣ
1010 1902 1014 1917 ,

226 1948 431 2016 Ηαᾶεηηυκ
448 1944 603 2027 priuilegio
619 1945 743 2026 Eugenii
758 1945 839 2022 pont.
857 1942 908 2003 Ro.

92 2028 266 2095 Richatdus
278 2034 361 2115 prior
372 2032 411 2095 de
424 2034 525 2095 Burch
538 2053 671 2115 tempore
683 2032 804 2094 Martini
816 2026 1084 2093 abbatiafitabbas

58 2110 90 2171 de
110 2117 253 2201 Whitby‚
280 2120 416 2202 deposito
439 2120 610 2183 Benedidlm
655 2123 805 2199 Tempore
825 2118 916 2199 hujus
942 2116 1082 2184 Richardi

58 2200 163 2266 abbatis
177 2226 233 2271 rex
248 2208 544 2292 Northwegienstum
559 2210 589 2270 iu
605 2213 624 2249 ⁴*
640 2222 728 2290 portu
746 2204 994 2269 Whitbeionsrum
1010 2224 1081 2267 cum
1104 2223 1106 2229 ’

59 2290 152 2353 multis
171 2298 303 2359 navibus
316 2299 471 2378 applicuit,
495 2299 525 2357 8ι
540 2298 618 2365 bona
633 2311 738 2358 eorum
754 2296 885 2376 diripuit,
910 2294 939 2353 ἃ
954 2295 1035 2355 intus
1050 2296 1081 2355 &

60 2371 122 2439 foris
136 2382 245 2445 cundia
263 2378 465 2467 depopulatus
479 2384 531 2460 est,
555 2386 585 2445 8ι
597 2398 698 2445 tamen
714 2382 832 2445 nullum
847 2378 1003 2455 interfecit,
1030 2379 1080 2464 led

63 2477 357 2555 tamenquaecunque
377 2476 528 2543 invenerat
543 2471 640 2535 lecum
656 2489 778 2552 portans
801 2469 922 2533 recellit.
969 2469 1081 2550 Sitque
1198 2485 1203 2494 ·

62 2547 162 2618 fastum
177 2557 220 2621 est
245 2563 359 2643 utqui
386 2577 454 2624 ante
482 2582 533 2642 per
563 2560 779 2641 providentiam
807 2559 923 2626 abbatis
948 2555 1079 2618 ditillimi

63 2656 144 2713 erant,
169 2666 253 2710 nunc
270 2669 412 2732 paupert:
427 2644 500 2715 fuat
521 2646 600 2723 sunt,
623 2649 695 2731 quia
718 2640 795 2710 nihll
815 2649 939 2713 omnino
953 2645 1079 2706 Norwa·

63 2725 162 2807 gienses
177 2735 372 2819 reliquerant.
848 2767 850 2774 v
889 2743 890 2746 ’

99 2818 242 2884 Martinus
257 2821 379 2906 praefuit
393 2825 484 2907 Burgi
500 2841 553 2889 20.
567 2823 661 2896 annis,
683 2824 714 2885 6.
730 2817 822 2884 mens:
839 2824 870 2884 8.
888 2821 931 2883 di:

99 2901 247 2993 Martinus
263 2913 295 2971 in
310 2910 438 2984 ecclesia,
461 2913 491 2972 81
503 2914 532 2972 in
547 2913 611 2974 aliis
623 2909 760 2985 officiuis,
773 2912 802 2972 8ι
815 2910 996 2992 inpluribus
1006 2907 1077 2971 locis
1087 2937 1141 2985 pai,
1154 2949 1199 2987 η,

67 2984 168 3073 semper
177 2997 368 3079 operabatur.
379 3002 498 3062 Portam
511 3000 686 3080 monasterii,
703 3000 731 3058 8<
742 3000 954 3073 mercatum&
960 3011 1084 3079 portum
1121 2990 1134 3002 ⁴

66 3082 183 3154 narium,
195 3087 225 3147 dc
237 3086 338 3150 villam
351 3087 448 3149 multo
456 3089 562 3150 melius
572 3089 710 3160 mutavit,
729 3088 763 3146 'dc
778 3085 872 3148 multa
881 3085 1061 3149 emendavit.

103 3170 271 3236 Gulielmus
285 3174 324 3239 de
337 3174 511 3240 Waterville
526 3172 656 3240 successit
670 3176 803 3235 Martino
817 3173 929 3238 abbati.
962 3176 1019 3236 Hic
1033 3195 1079 3236 te·

69 3261 207 3332 ruperam
221 3260 348 3325 feodum
363 3264 393 3325 8ι
411 3260 561 3327 seruitium
577 3262 705 3326 Galfridi
722 3263 761 3324 de
776 3263 803 3324 la
818 3265 902 3326 Mate
920 3260 1078 3324 constabu-

68 3335 130 3403 larii.
174 3349 292 3413 Eodem
302 3366 440 3432 tempore
455 3351 534 3432 apud
550 3349 867 3432 Stanfordiprioratum
885 3347 1078 3412 Sandimoni-

71 3423 148 3492 allum
163 3434 193 3496 in
207 3436 322 3500 honore
333 3437 381 3500 dei
397 3440 426 3498 dc
442 3441 472 3498 S.
488 3439 645 3500 Micha'e'lis
663 3434 799 3500 fundavit
815 3439 844 3498 8ι
862 3435 1031 3511 aedilicavir,
1047 3440 1078 3500 irt

71 3517 221 3612 quousque
242 3526 281 3588 ad
303 3547 358 3604 40.
382 3525 522 3588 moniales
540 3527 743 3610 congregavit.
788 3527 845 3588 Hic
868 3539 963 3586 totam
977 3523 1079 3588 villam
1143 3573 1145 3578 ,

72 3613 134 3666 ‘cttra
147 3628 266 3688 pontem
283 3613 320 3676 de
338 3611 490 3688 Stanford,
513 3615 543 3674 8ι
573 3635 623 3694 14.
640 3612 803 3678 mansiones
826 3614 903 3674 ultta
925 3613 1080 3696 pontemd

72 3691 187 3766 quodam
202 3700 306 3777 milite,
329 3704 382 3784 qui
409 3701 585 3772 hereditarie
607 3701 764 3775 clamabat,
789 3721 840 3784 per
861 3701 1017 3784 pecuniam
1030 3721 1076 3763 re-

73 3773 161 3854 demit,
183 3786 213 3848 &
228 3791 322 3854 tenuit
337 3791 368 3852 in
382 3788 517 3852 dominio
531 3791 667 3855 abbatia.
712 3790 864 3872 Tempore
884 3789 974 3868 hujus
989 3789 1075 3852 Guli-

75 3861 132 3926 elni
147 3871 254 3938 chorus
268 3879 422 3940 ordinatus
435 3875 486 3953 est,
510 3879 539 3940 8ι
555 3878 663 3942 domus
685 3876 874 3943 infirmorum
898 3875 1080 3952 construtta,

76 3947 267 4038 &claustrum
291 3968 321 4027 8ι
334 3963 461 4028 officinae
478 3964 660 4043 necessariae3
685 3963 888 4028 &claustrum
915 3964 1080 4026 monacho.

76 4053 130 4100 ‘⁰¹11
144 4044 265 4124 plumbo
277 4073 452 4136 coopertum
466 4051 519 4114 est.
540 4057 584 4116 Et
598 4057 627 4118 in
650 4056 731 4118 curie
745 4074 901 4127 cameram,
926 4054 956 4114 8t
978 4053 1078 4134 capel

78 4119 136 4201 hm,
156 4134 328 4203 &officinas
343 4138 425 4205 fecit.
470 4143 622 4222 Capellam
642 4147 678 4206 S.
695 4143 826 4205 Tltomae
840 4142 948 4222 incepit
963 4141 992 4200 dc
1006 4139 1074 4200 fun-

79 4208 155 4314 (latit.
186 4225 331 4290 Redditus
345 4225 403 4292 fori
418 4230 448 4290 8τ
460 4229 536 4289 villae
552 4232 643 4317 Burgi
653 4251 706 4295 xx.
723 4229 828 4293 marcis
841 4231 937 4300 auxit.
947 4229 1002 4291 Per
1014 4247 1080 4290 ma«.

79 4313 145 4366 terta
157 4312 242 4375 utiles
255 4315 386 4392 officinas
400 4315 577 4382 construxit.
1041 4333 1049 4368 l

113 4389 233 4466 Tou..1
516 4404 543 4474 c
711 4401 784 4469 &nu
853 4395 856 4401 ’
1019 4400 1080 4475 tlte
