2934 4900
157 139 277 285 x142
494 186 1168 275 Jonnuasnatnuoa

326 321 534 387 retractatione
546 321 584 383 ad
595 318 707 395 locum,
730 315 785 400 qui
797 317 1030 395 Dacordicitur,
1050 322 1213 396 venientes,
1237 317 1268 385 se
1283 341 1369 387 cum

327 408 387 475 luis
402 409 499 495 regnis
516 408 619 494 Anglo
639 406 792 473 dedidere.
835 409 871 467 1u
888 407 975 487 cujus
996 406 1076 491 pasti
1098 407 1228 492 gratiam
1253 407 1364 475 filium

329 496 514 567 Constantini
528 492 794 581 baptizarijullum
808 489 869 577 ipse
881 494 919 557 de
933 490 1018 559 sacro
1028 493 1113 559 fonte
1127 492 1264 581 suscepit.

167 606 293 672 ‘iil'
328 578 1364 825 nisijpllllttjtt‘ttttsttlttltlntltl'ltttibsstltt

261 798 262 803 κ
355 784 385 827 et
431 783 469 827 ta.

166 784 353 913 athelstanusp
375 856 505 926 Statura,
526 862 562 911 ut
577 846 757 929 accepimus,
775 864 845 929 quae
854 844 965 925 justam
974 864 1037 910 non
1045 846 1211 925 excederet,
1227 868 1362 932 corpore
1439 879 1440 886 ¹

166 942 218 979 ⁸⁶¹·
330 937 472 1012 deducto,
495 936 614 1019 capillo,
638 932 765 1019 ut*ipli
777 953 819 999 ex
828 932 975 1019 relliquiis
988 935 1129 1013 uidimus,
1141 936 1220 1000 flavo
1231 936 1293 999 filis
1304 960 1361 1001 aa·

331 1029 389 1095 reis
407 1024 528 1109 pulchre
539 1026 663 1087 intorto.

372 1111 655 1186 Northwalensaum,
670 1106 766 1186 idest,
782 1107 941 1174 Britouum
949 1111 1134 1195 aquilonares
1143 1110 1263 1197 regulos
1275 1108 1361 1197 apud
1439 1101 1440 1114 ¹

330 1197 560 1272 Hetfordeusem
574 1200 679 1267 urbem
703 1200 806 1283 coegit
827 1205 994 1275 occurrere,
1014 1200 1045 1263 ἃ
1065 1200 1240 1285 aliquandiu
1267 1201 1360 1264 calci·
1439 1243 1440 1256 η

330 1292 480 1354 trantesin
493 1288 676 1352 deditionem
687 1286 819 1365 transire,
843 1287 900 1355 &o
912 1288 950 1352 de
962 1287 1083 1354 tributis
1098 1310 1168 1374 quae
1181 1288 1360 1374 pendebant

331 1400 371 1445 et.

377 1465 451 1531 Inde
466 1464 605 1551 digressus
630 1465 663 1529 in
687 1461 886 1529 occidentales
907 1466 1043 1531 Britones
1067 1459 1096 1525 sc
1120 1464 1280 1539 convertit,
1303 1468 1360 1549 qui

333 1551 600 1628 Coruuwallcuses,
612 1554 697 1639 quod
706 1554 738 1616 in
748 1553 904 1617 occidente
914 1555 1072 1619 Britannia
1084 1550 1130 1615 snt
1140 1572 1234 1617 cornu
1246 1554 1359 1617 Galliae
1439 1597 1440 1608 t

331 1663 372 1707 ex
385 1642 511 1726 obliquo
524 1638 688 1725 respiciant.
733 1640 804 1705 Illos
817 1661 942 1726 quoque
958 1641 1084 1725 impigre
1102 1638 1224 1706 adorsus
1240 1641 1282 1707 ab
1297 1644 1359 1705 Ex·
1439 1713 1440 1720 ἵ

331 1728 434 1807 cestra,
456 1750 552 1814 quam
567 1730 606 1792 ad
620 1730 652 1793 id
676 1730 819 1814 temporis
832 1749 922 1815 aquo
936 1750 1009 1793 cum
1027 1728 1134 1813 Auglia
1148 1730 1219 1809 jure
1238 1729 1359 1795 inhabi-

333 1834 441 1894 tarant,
465 1817 570 1882 cedere
584 1818 742 1905 compulit,
765 1821 928 1882 terminum
941 1816 1101 1902 provintiae
1123 1812 1182 1880 suae
1203 1818 1279 1881 citra
1294 1821 1361 1881 Ta·

332 1927 448 1971 maram
467 1905 522 1969 flu:
538 1904 727 1981 constituens,
751 1904 826 1969 ficut
842 1905 1062 1988 aquilonalibus
1076 1904 1224 1969 Britannis
1238 1905 1360 1969 Walam
1439 1895 1440 1974 Ῐ

333 2015 456 2060 amnem
469 1993 593 2059 limitem
605 1990 752 2076 posuerat.
797 1993 912 2059 Urbem
925 1992 1018 2077 igitur
1031 1992 1124 2066 illam,
1147 1998 1357 2075 quamcuntass

333 2083 458 2149 minatae
492 2082 589 2165 gentis
626 2082 769 2163 repurgio
806 2075 1027 2162 defaecaverat,
1047 2078 1180 2145 turribus
1207 2082 1358 2151 munivit:

334 2188 424 2247 muro
438 2166 456 2233 ὲ
471 2168 623 2255 quadratis
637 2166 786 2251 lapidibus
800 2168 905 2233 cinxit.
948 2211 951 2224 ·
1194 2221 1196 2230 t
1439 2241 1440 2244 Ἴ

378 2260 528 2343 Qantam
541 2256 670 2319 filiarum
687 2254 809 2319 Ellledae
823 2276 887 2338 reg:
904 2257 935 2320 a
948 2255 1091 2320 Edwardi
1107 2256 1249 2334 Senioris,
1265 2258 1358 2344 Hugo
1439 2309 1440 2312 ,

334 2365 390 2411 rex
404 2348 587 2415 Francorum
600 2364 654 2431 per
668 2344 789 2409 nuntios
813 2342 831 2407 ὲ
849 2364 993 2428 germano
1008 2340 1193 2432 (Ethclstauo
1204 2350 1290 2433 rege)
1304 2366 1358 2413 ex·

358 2435 433 2499 etiit.
1251 2434 1255 2441 ’

334 2457 456 2586 pNam
480 2524 510 2585 8:
530 2520 643 2587 ibidem
659 2518 887 2604 (Malmetbiriel
909 2519 1062 2587 Elwinum
1085 2520 1116 2584 δι
1138 2519 1356 2599 Ethelssanum‚

334 2610 410 2678 filios
427 2613 524 2693 patrui
536 2607 579 2676 lui
596 2610 791 2686 Ethelwerdi,
813 2631 891 2696 quoa
905 2610 938 2673 in
951 2608 1031 2676 bello
1045 2624 1151 2675 contra
1165 2610 1357 2693 Aualaphum

334 2696 482 2848 amgljrat,
519 2698 638 2761 humari
667 2697 829 2765 honorifice
848 2695 943 2780 juffit,
975 2697 1015 2764 ad
1042 2714 1132 2789 caput
1153 2693 1304 2784 sepulchti
1323 2701 1355 2764 S.
1439 2724 1440 2733 ¹

335 2786 375 2858 Al
427 2786 478 2848 mi.

379 2871 498 2938 Ibidem
513 2893 565 2958 33.
581 2873 678 2938 versus
692 2869 792 2940 inserti
815 2873 853 2938 de
872 2873 931 2940 hoc
943 2872 1026 2938 bello
1038 2886 1143 2938 contra
1159 2873 1356 2960 -Aualaphutn

336 2961 445 3026 eodem
459 2978 575 3040 autore,
598 2983 660 3047 quo
673 2961 761 3046 supra
770 2963 808 3026 de
822 2962 911 3026 laude
926 2961 1102 3028 athelstani.

222 3151 225 3160 .
349 3073 909 3155 ExchartuDonut:Atbclstanifa5lae
918 3073 1072 3153 munder.-
1086 3069 1343 3156 Manustyrtenfi.

381 3177 506 3242 Elfredo
517 3177 671 3256 defuncto,
693 3181 748 3264 qui
764 3177 869 3242 uostrae
884 3176 1028 3253 felicitati,
1043 3179 1074 3242 a
1086 3179 1157 3241 vitat
1169 3178 1356 3254 aemuluueu'·

339 3270 411 3344 titit,
446 3270 587 3352 nequitiae
610 3269 800 3344 inimicorum
826 3265 1000 3342 nostrorum,
1018 3263 1212 3343 consenticus,
1233 3267 1360 3351 quando
1386 3280 1389 3284 “

339 3377 389 3420 me
414 3357 573 3419 voluerunt
599 3371 682 3439 patre
704 3376 771 3420 mco
796 3352 941 3430 defundio
965 3374 1076 3419 caecare
1099 3357 1130 3417 iu
1145 3353 1355 3431 Wiutonia‚t't

340 3464 466 3507 nonme
486 3449 570 3508 Deus
597 3443 646 3508 sua
673 3444 782 3527 pietate
803 3444 963 3528 eripuillet.
1009 3443 1069 3508 Sed
1091 3441 1173 3506 tatto
1190 3444 1360 3524 juramento

341 3527 480 3594 Elfredus
505 3533 611 3596 cecidit
632 3553 729 3607 coram
754 3531 847 3596 altare
866 3536 898 3598 S.
911 3530 1066 3621 Penii&
1079 3532 1216 3597 manibus
1230 3529 1355 3594 famulo·

339 3639 408 3682 rum
435 3615 554 3684 suorum
580 3636 713 3703 portatus
735 3617 776 3683 est
801 3619 839 3682 ad
862 3617 1003 3695 Scholam
1021 3619 1199 3703 Auglorum,
1222 3620 1252 3682 ἃ
1269 3620 1311 3684 ibi
1326 3639 1357 3702 3.

340 3707 430 3770 nocte
444 3707 537 3773 vitam
550 3705 656 3783 finivit,
681 3709 739 3770 dae.
752 3722 785 3769 ut
797 3723 914 3792 partem
922 3706 1129 3792 potreffionum
1147 3703 1262 3772 Elfredi
1279 3709 1357 3777 dono

339 3793 454 3860 dederit
469 3793 656 3859 Ethelstanus
669 3793 826 3860 monaster:
850 3793 1106 3864 Malmelbirienfi.

178 3980 319 4034 ethelwardi
385 3961 490 4050 Itaque
502 3986 571 4052 rege
586 3965 740 4030 Edwardo
751 3964 896 4031 defundio
906 3966 984 4032 filius
994 3967 1057 4050 ejus
1067 3898 1226 4033 {ihdudus
1239 3987 1280 4033 ex
1289 3965 1355 4054 legi·

176 4062 251 4105 Μ·
341 4053 416 4119 tima
429 4055 558 4140 conjuge
572 4069 689 4118 creatus
704 4070 818 4138 patrem
833 4058 892 4119 cita
907 4072 1002 4120 morte
1016 4053 1142 4122 secutus.

383 4139 475 4208 Tunc
490 4143 623 4212 omnium
638 4138 746 4226 spebus
767 4145 800 4207 iu
816 4141 1021 4214 Ettelllauun
1040 4144 1156 4226 eettis,
1178 4142 1258 4213 solus
1271 4142 1357 4211 Elfri·

631 4289 647 4361 ς
664 4289 717 4358 nte
727 4290 791 4344 utu.

1291 4357 1355 4441 dua
