<?xml version="1.0" encoding="UTF-8"?>
<!DOCTYPE html PUBLIC "-//W3C//DTD XHTML 1.0 Transitional//EN"
    "http://www.w3.org/TR/xhtml1/DTD/xhtml1-transitional.dtd">
<html xmlns="http://www.w3.org/1999/xhtml" xml:lang="en" lang="en">
 <head>
  <title>
</title>
<meta http-equiv="Content-Type" content="text/html;charset=utf-8" />
  <meta name='ocr-system' content='tesseract 3.04.00' />
  <meta name='ocr-capabilities' content='ocr_page ocr_carea ocr_par ocr_line ocrx_word'/>
</head>
<body>
  <div class='ocr_page' id='page_1' title='image "./joannislelandia14lelagoog_0134.png"; bbox 0 0 2934 4900; ppageno 0'>
   <div class='ocr_carea' id='block_1_1' title="bbox 523 180 1205 263">
    <p class='ocr_par' dir='ltr' id='par_1_1' title="bbox 523 180 1205 263">
     <span class='ocr_line' id='line_1_1' title="bbox 523 180 1205 263; baseline 0.012 -18"><span class='ocrx_word' id='word_1_1' title='bbox 523 180 1205 263; x_wconf 65' lang='lat' dir='ltr'>sonuntsnnnaunt</span> 
     </span>
    </p>
   </div>
   <div class='ocr_carea' id='block_1_2' title="bbox 184 314 1434 2846">
    <p class='ocr_par' dir='ltr' id='par_1_2' title="bbox 184 314 1434 2846">
     <span class='ocr_line' id='line_1_2' title="bbox 412 314 1419 406; baseline 0.009 -22"><span class='ocrx_word' id='word_1_2' title='bbox 412 317 550 395; x_wconf 69' lang='lat' dir='ltr'>mnatre,</span> <span class='ocrx_word' id='word_1_3' title='bbox 571 320 720 395; x_wconf 64' lang='lat' dir='ltr'>Flettnno</span> <span class='ocrx_word' id='word_1_4' title='bbox 743 320 886 395; x_wconf 70' lang='lat' dir='ltr'>Onniton,</span> <span class='ocrx_word' id='word_1_5' title='bbox 904 319 1074 397; x_wconf 84' lang='lat' dir='ltr'>Alwolrun,</span> <span class='ocrx_word' id='word_1_6' title='bbox 1091 318 1247 406; x_wconf 88' lang='lat' dir='ltr'>osgoteby</span> <span class='ocrx_word' id='word_1_7' title='bbox 1261 328 1349 391; x_wconf 82' lang='lat' dir='ltr'>villae</span> <span class='ocrx_word' id='word_1_8' title='bbox 1362 314 1419 392; x_wconf 86' lang='lat' dir='ltr'>ad·</span> 
     </span>
     <span class='ocr_line' id='line_1_3' title="bbox 364 405 1418 500; baseline 0.008 -27"><span class='ocrx_word' id='word_1_9' title='bbox 364 408 452 493; x_wconf 77' lang='lat' dir='ltr'>jettae</span> <span class='ocrx_word' id='word_1_10' title='bbox 465 405 686 491; x_wconf 82' lang='lat' dir='ltr'>polleffionibus</span> <span class='ocrx_word' id='word_1_11' title='bbox 699 407 856 491; x_wconf 75' lang='lat' dir='ltr'>burgensis</span> <span class='ocrx_word' id='word_1_12' title='bbox 871 407 1036 473; x_wconf 84' lang='lat' dir='ltr'>monasterii</span> <span class='ocrx_word' id='word_1_13' title='bbox 1052 424 1189 493; x_wconf 90' lang='lat' dir='ltr'>tempore</span> <span class='ocrx_word' id='word_1_14' title='bbox 1204 413 1365 479; x_wconf 88' lang='lat' dir='ltr'>Edwardi</span> <span class='ocrx_word' id='word_1_15' title='bbox 1385 439 1418 500; x_wconf 79' lang='lat'>3.</span> 
     </span>
     <span class='ocr_line' id='line_1_4' title="bbox 368 491 664 578; baseline -0.03 -15"><span class='ocrx_word' id='word_1_16' title='bbox 368 513 442 563; x_wconf 73' lang='lat' dir='ltr'>ante</span> <span class='ocrx_word' id='word_1_17' title='bbox 455 491 664 578; x_wconf 86' lang='lat' dir='ltr'>conquestum.</span> 
     </span>
     <span class='ocr_line' id='line_1_5' title="bbox 413 580 1416 671; baseline 0.01 -27"><span class='ocrx_word' id='word_1_18' title='bbox 413 584 512 648; x_wconf 86' lang='lat' dir='ltr'>Brand</span> <span class='ocrx_word' id='word_1_19' title='bbox 526 583 694 645; x_wconf 82' lang='lat' dir='ltr'>monachus</span> <span class='ocrx_word' id='word_1_20' title='bbox 708 580 878 665; x_wconf 81' lang='lat' dir='ltr'>Burgenfis‚</span> <span class='ocrx_word' id='word_1_21' title='bbox 902 584 932 645; x_wconf 72' lang='lat' dir='ltr'>a</span> <span class='ocrx_word' id='word_1_22' title='bbox 946 583 1117 659; x_wconf 78' lang='lat' dir='ltr'>Allritellutt,</span> <span class='ocrx_word' id='word_1_23' title='bbox 1142 588 1173 649; x_wconf 74' lang='grc' dir='ltr'>ἃ</span> <span class='ocrx_word' id='word_1_24' title='bbox 1189 590 1314 652; x_wconf 82' lang='lat' dir='ltr'>Siricius</span> <span class='ocrx_word' id='word_1_25' title='bbox 1343 594 1416 671; x_wconf 87' lang='lat' dir='ltr'>ejus</span> 
     </span>
     <span class='ocr_line' id='line_1_6' title="bbox 346 670 1416 757; baseline 0.006 -20"><span class='ocrx_word' id='word_1_26' title='bbox 346 670 475 737; x_wconf 51' lang='lat' dir='ltr'>lintres</span> <span class='ocrx_word' id='word_1_27' title='bbox 502 671 651 733; x_wconf 88' lang='lat' dir='ltr'>dederunt</span> <span class='ocrx_word' id='word_1_28' title='bbox 674 670 850 732; x_wconf 88' lang='lat' dir='ltr'>monasterio</span> <span class='ocrx_word' id='word_1_29' title='bbox 879 672 1033 754; x_wconf 84' lang='lat' dir='ltr'>Burgensr,</span> <span class='ocrx_word' id='word_1_30' title='bbox 1060 676 1205 750; x_wconf 86' lang='lat' dir='ltr'>Scottere‚</span> <span class='ocrx_word' id='word_1_31' title='bbox 1241 680 1416 757; x_wconf 73' lang='lat' dir='ltr'>Scottum,</span> 
     </span>
     <span class='ocr_line' id='line_1_7' title="bbox 370 756 1195 841; baseline -0.004 -17"><span class='ocrx_word' id='word_1_32' title='bbox 370 761 550 831; x_wconf 72' lang='lat' dir='ltr'>nutaretur,</span> <span class='ocrx_word' id='word_1_33' title='bbox 573 757 694 840; x_wconf 86' lang='lat' dir='ltr'>Thorp,</span> <span class='ocrx_word' id='word_1_34' title='bbox 716 756 869 819; x_wconf 82' lang='lat' dir='ltr'>Waleeote</span> <span class='ocrx_word' id='word_1_35' title='bbox 883 778 953 820; x_wconf 89' lang='lat' dir='ltr'>cum</span> <span class='ocrx_word' id='word_1_36' title='bbox 968 760 1105 841; x_wconf 84' lang='lat' dir='ltr'>pluribus</span> <span class='ocrx_word' id='word_1_37' title='bbox 1118 763 1195 823; x_wconf 86' lang='lat' dir='ltr'>aliis.</span> 
     </span>
     <span class='ocr_line' id='line_1_8' title="bbox 395 844 1332 933; baseline 0.005 -21"><span class='ocrx_word' id='word_1_38' title='bbox 395 848 555 912; x_wconf 70' lang='lat' dir='ltr'>²Brandon</span> <span class='ocrx_word' id='word_1_39' title='bbox 569 844 663 907; x_wconf 82' lang='lat' dir='ltr'>abbas</span> <span class='ocrx_word' id='word_1_40' title='bbox 676 844 832 927; x_wconf 81' lang='lat' dir='ltr'>Burgenfis</span> <span class='ocrx_word' id='word_1_41' title='bbox 846 860 979 927; x_wconf 88' lang='lat' dir='ltr'>tempore</span> <span class='ocrx_word' id='word_1_42' title='bbox 993 847 1057 909; x_wconf 93' lang='lat' dir='ltr'>Gul</span> <span class='ocrx_word' id='word_1_43' title='bbox 1071 872 1079 906; x_wconf 74' lang='grc' dir='ltr'><strong><em>ε</em></strong></span> <span class='ocrx_word' id='word_1_44' title='bbox 1103 849 1332 933; x_wconf 82' lang='lat' dir='ltr'>conquestoris.·</span> 
     </span>
     <span class='ocr_line' id='line_1_9' title="bbox 412 931 1042 1016; baseline -0.003 -17"><span class='ocrx_word' id='word_1_45' title='bbox 412 936 558 1016; x_wconf 81' lang='lat' dir='ltr'>Ancarig,</span> <span class='ocrx_word' id='word_1_46' title='bbox 581 931 678 1005; x_wconf 86' lang='lat' dir='ltr'>idest,</span> <span class='ocrx_word' id='word_1_47' title='bbox 701 950 922 995; x_wconf 86' lang='lat' dir='ltr'>anacoretarum</span> <span class='ocrx_word' id='word_1_48' title='bbox 937 933 1042 997; x_wconf 87' lang='lat' dir='ltr'>insula.</span> 
     </span>
     <span class='ocr_line' id='line_1_10' title="bbox 411 1017 1416 1104; baseline 0.007 -18"><span class='ocrx_word' id='word_1_49' title='bbox 411 1023 564 1104; x_wconf 85' lang='lat' dir='ltr'>Thornig,</span> <span class='ocrx_word' id='word_1_50' title='bbox 585 1018 684 1093; x_wconf 87' lang='lat' dir='ltr'>idest,</span> <span class='ocrx_word' id='word_1_51' title='bbox 706 1017 856 1103; x_wconf 88' lang='lat' dir='ltr'>spinarum</span> <span class='ocrx_word' id='word_1_52' title='bbox 871 1018 973 1087; x_wconf 84' lang='lat' dir='ltr'>insula.</span> <span class='ocrx_word' id='word_1_53' title='bbox 1018 1024 1086 1084; x_wconf 88' lang='lat' dir='ltr'>Huc</span> <span class='ocrx_word' id='word_1_54' title='bbox 1107 1025 1186 1086; x_wconf 90' lang='lat' dir='ltr'>enim</span> <span class='ocrx_word' id='word_1_55' title='bbox 1202 1046 1266 1089; x_wconf 88' lang='lat' dir='ltr'>non</span> <span class='ocrx_word' id='word_1_56' title='bbox 1286 1030 1416 1093; x_wconf 87' lang='lat' dir='ltr'>venitur</span> 
     </span>
     <span class='ocr_line' id='line_1_11' title="bbox 370 1108 1194 1194; baseline -0.006 -16"><span class='ocrx_word' id='word_1_57' title='bbox 370 1110 424 1178; x_wconf 87' lang='lat' dir='ltr'>nifi</span> <span class='ocrx_word' id='word_1_58' title='bbox 439 1111 559 1194; x_wconf 82' lang='lat' dir='ltr'>navigio</span> <span class='ocrx_word' id='word_1_59' title='bbox 571 1130 611 1173; x_wconf 86' lang='lat' dir='ltr'>ex</span> <span class='ocrx_word' id='word_1_60' title='bbox 624 1128 684 1172; x_wconf 85' lang='lat' dir='ltr'>una</span> <span class='ocrx_word' id='word_1_61' title='bbox 698 1123 791 1191; x_wconf 86' lang='lat' dir='ltr'>parte,</span> <span class='ocrx_word' id='word_1_62' title='bbox 816 1110 858 1170; x_wconf 78' lang='lat' dir='ltr'>ita</span> <span class='ocrx_word' id='word_1_63' title='bbox 869 1108 978 1189; x_wconf 87' lang='lat' dir='ltr'>palude</span> <span class='ocrx_word' id='word_1_64' title='bbox 989 1108 1126 1171; x_wconf 85' lang='lat' dir='ltr'>conclusa</span> <span class='ocrx_word' id='word_1_65' title='bbox 1140 1112 1194 1173; x_wconf 83' lang='lat' dir='ltr'>ost.</span> 
     </span>
     <span class='ocr_line' id='line_1_12' title="bbox 247 1194 1414 1285; baseline 0.001 -20"><span class='ocrx_word' id='word_1_66' title='bbox 247 1210 305 1278; x_wconf 73' lang='lat' dir='ltr'>hg.</span> <span class='ocrx_word' id='word_1_67' title='bbox 316 1228 340 1272; x_wconf 87' lang='lat' dir='ltr'>t·</span> <span class='ocrx_word' id='word_1_68' title='bbox 369 1249 372 1259; x_wconf 76' lang='grc'>,</span> <span class='ocrx_word' id='word_1_69' title='bbox 416 1203 518 1285; x_wconf 84' lang='lat' dir='ltr'>Qem</span> <span class='ocrx_word' id='word_1_70' title='bbox 533 1199 634 1260; x_wconf 89' lang='lat' dir='ltr'>locum</span> <span class='ocrx_word' id='word_1_71' title='bbox 647 1196 686 1259; x_wconf 89' lang='lat' dir='ltr'>de</span> <span class='ocrx_word' id='word_1_72' title='bbox 700 1194 846 1279; x_wconf 89' lang='lat' dir='ltr'>Thornig</span> <span class='ocrx_word' id='word_1_73' title='bbox 862 1196 1066 1258; x_wconf 87' lang='lat' dir='ltr'>Ethelwoldus</span> <span class='ocrx_word' id='word_1_74' title='bbox 1080 1201 1174 1280; x_wconf 90' lang='lat' dir='ltr'>pretio</span> <span class='ocrx_word' id='word_1_75' title='bbox 1188 1202 1366 1283; x_wconf 77' lang='lat' dir='ltr'>acquisivit,</span> <span class='ocrx_word' id='word_1_76' title='bbox 1382 1206 1414 1265; x_wconf 83' lang='lat'>&amp;</span> 
     </span>
     <span class='ocr_line' id='line_1_13' title="bbox 373 1282 1412 1373; baseline 0.003 -23"><span class='ocrx_word' id='word_1_77' title='bbox 373 1290 437 1373; x_wconf 87' lang='lat' dir='ltr'>pari</span> <span class='ocrx_word' id='word_1_78' title='bbox 451 1284 619 1349; x_wconf 88' lang='lat' dir='ltr'>conditione</span> <span class='ocrx_word' id='word_1_79' title='bbox 633 1282 786 1346; x_wconf 88' lang='lat' dir='ltr'>monachis</span> <span class='ocrx_word' id='word_1_80' title='bbox 800 1283 979 1366; x_wconf 87' lang='lat' dir='ltr'>aptiffimum</span> <span class='ocrx_word' id='word_1_81' title='bbox 994 1284 1152 1367; x_wconf 82' lang='lat' dir='ltr'>delegavit,</span> <span class='ocrx_word' id='word_1_82' title='bbox 1175 1289 1325 1351; x_wconf 68' lang='lat' dir='ltr'>redtorem</span> <span class='ocrx_word' id='word_1_83' title='bbox 1347 1292 1412 1353; x_wconf 85' lang='lat' dir='ltr'>illis</span> 
     </span>
     <span class='ocr_line' id='line_1_14' title="bbox 374 1372 1412 1453; baseline 0 -14"><span class='ocrx_word' id='word_1_84' title='bbox 374 1375 556 1439; x_wconf 78' lang='lat' dir='ltr'>&amp;abbatem</span> <span class='ocrx_word' id='word_1_85' title='bbox 571 1372 804 1433; x_wconf 88' lang='lat' dir='ltr'>Godemannum</span> <span class='ocrx_word' id='word_1_86' title='bbox 830 1390 1013 1453; x_wconf 69' lang='lat' dir='ltr'>preponens.</span> <span class='ocrx_word' id='word_1_87' title='bbox 1058 1373 1273 1438; x_wconf 75' lang='lat' dir='ltr'>Conllrudtum</span> <span class='ocrx_word' id='word_1_88' title='bbox 1299 1398 1412 1441; x_wconf 80' lang='lat' dir='ltr'>mona·</span> 
     </span>
     <span class='ocr_line' id='line_1_15' title="bbox 373 1460 1411 1548; baseline 0.003 -22"><span class='ocrx_word' id='word_1_89' title='bbox 373 1462 492 1527; x_wconf 87' lang='lat' dir='ltr'>llerium</span> <span class='ocrx_word' id='word_1_90' title='bbox 507 1460 663 1536; x_wconf 82' lang='lat' dir='ltr'>dedicavit,</span> <span class='ocrx_word' id='word_1_91' title='bbox 686 1460 716 1520; x_wconf 78' lang='lat' dir='ltr'>dt</span> <span class='ocrx_word' id='word_1_92' title='bbox 731 1460 879 1522; x_wconf 88' lang='lat' dir='ltr'>bonorum</span> <span class='ocrx_word' id='word_1_93' title='bbox 903 1462 1037 1522; x_wconf 89' lang='lat' dir='ltr'>omnium</span> <span class='ocrx_word' id='word_1_94' title='bbox 1057 1461 1227 1544; x_wconf 80' lang='lat' dir='ltr'>pollellrone</span> <span class='ocrx_word' id='word_1_95' title='bbox 1241 1480 1411 1548; x_wconf 81' lang='lat' dir='ltr'>gratanter</span> 
     </span>
     <span class='ocr_line' id='line_1_16' title="bbox 374 1552 1091 1615; baseline -0.006 0"><span class='ocrx_word' id='word_1_96' title='bbox 374 1552 491 1615; x_wconf 85' lang='lat' dir='ltr'><strong>ditavit.</strong></span> <span class='ocrx_word' id='word_1_97' title='bbox 1088 1588 1091 1592; x_wconf 92' lang='lat'><em>-</em></span> 
     </span>
     <span class='ocr_line' id='line_1_17' title="bbox 418 1630 1410 1718; baseline 0.002 -18"><span class='ocrx_word' id='word_1_98' title='bbox 418 1638 468 1701; x_wconf 87' lang='lat' dir='ltr'>Ad</span> <span class='ocrx_word' id='word_1_99' title='bbox 483 1638 545 1700; x_wconf 90' lang='lat' dir='ltr'>huc</span> <span class='ocrx_word' id='word_1_100' title='bbox 558 1632 667 1699; x_wconf 88' lang='lat' dir='ltr'>Chrlssi</span> <span class='ocrx_word' id='word_1_101' title='bbox 681 1635 781 1717; x_wconf 88' lang='lat' dir='ltr'>aquila</span> <span class='ocrx_word' id='word_1_102' title='bbox 797 1630 1016 1696; x_wconf 81' lang='lat' dir='ltr'>AEtheltvoldus</span> <span class='ocrx_word' id='word_1_103' title='bbox 1036 1638 1182 1718; x_wconf 85' lang='lat' dir='ltr'>expandit</span> <span class='ocrx_word' id='word_1_104' title='bbox 1209 1658 1317 1702; x_wconf 83' lang='lat' dir='ltr'>aureas</span> <span class='ocrx_word' id='word_1_105' title='bbox 1344 1640 1410 1703; x_wconf 75' lang='lat' dir='ltr'>alae</span> 
     </span>
     <span class='ocr_line' id='line_1_18' title="bbox 374 1720 1408 1809; baseline 0.003 -21"><span class='ocrx_word' id='word_1_106' title='bbox 374 1722 449 1802; x_wconf 82' lang='lat' dir='ltr'>suas,</span> <span class='ocrx_word' id='word_1_107' title='bbox 472 1726 502 1787; x_wconf 72' lang='grc' dir='ltr'><strong>ἃ</strong></span> <span class='ocrx_word' id='word_1_108' title='bbox 517 1725 613 1809; x_wconf 83' lang='lat' dir='ltr'>plnres</span> <span class='ocrx_word' id='word_1_109' title='bbox 628 1721 698 1785; x_wconf 84' lang='lat' dir='ltr'>alias</span> <span class='ocrx_word' id='word_1_110' title='bbox 712 1722 844 1787; x_wconf 82' lang='lat' dir='ltr'>ecclesias</span> <span class='ocrx_word' id='word_1_111' title='bbox 860 1720 907 1784; x_wconf 92' lang='lat' dir='ltr'>vel</span> <span class='ocrx_word' id='word_1_112' title='bbox 922 1721 1097 1785; x_wconf 86' lang='lat' dir='ltr'>monasteria</span> <span class='ocrx_word' id='word_1_113' title='bbox 1111 1724 1279 1790; x_wconf 81' lang='lat' dir='ltr'>construxit</span> <span class='ocrx_word' id='word_1_114' title='bbox 1294 1731 1345 1791; x_wconf 90' lang='lat' dir='ltr'>vel</span> <span class='ocrx_word' id='word_1_115' title='bbox 1360 1750 1408 1791; x_wconf 89' lang='lat' dir='ltr'>re·</span> 
     </span>
     <span class='ocr_line' id='line_1_19' title="bbox 375 1809 1355 1899; baseline -0.007 -22"><span class='ocrx_word' id='word_1_116' title='bbox 375 1814 533 1899; x_wconf 82' lang='lat' dir='ltr'>pararitin</span> <span class='ocrx_word' id='word_1_117' title='bbox 547 1809 667 1896; x_wconf 90' lang='lat' dir='ltr'>Anglia.</span> <span class='ocrx_word' id='word_1_118' title='bbox 1352 1864 1355 1870; x_wconf 91' lang='lat'>.</span> 
     </span>
     <span class='ocr_line' id='line_1_20' title="bbox 184 1897 1409 1988; baseline 0.006 -30"><span class='ocrx_word' id='word_1_119' title='bbox 184 1897 187 1901; x_wconf 71' lang='grc'><em>’</em></span> <span class='ocrx_word' id='word_1_120' title='bbox 260 1906 339 1981; x_wconf 60' lang='lat' dir='ltr'>[mn]</span> <span class='ocrx_word' id='word_1_121' title='bbox 420 1898 639 1984; x_wconf 87' lang='lat' dir='ltr'>Eliginsulain</span> <span class='ocrx_word' id='word_1_122' title='bbox 663 1898 813 1981; x_wconf 83' lang='lat' dir='ltr'>provintia</span> <span class='ocrx_word' id='word_1_123' title='bbox 831 1898 940 1959; x_wconf 85' lang='lat' dir='ltr'>orient:</span> <span class='ocrx_word' id='word_1_124' title='bbox 957 1897 1125 1981; x_wconf 88' lang='lat' dir='ltr'>Anglorum</span> <span class='ocrx_word' id='word_1_125' title='bbox 1151 1922 1263 1965; x_wconf 89' lang='lat' dir='ltr'>nomen</span> <span class='ocrx_word' id='word_1_126' title='bbox 1289 1904 1409 1988; x_wconf 88' lang='lat' dir='ltr'>accepit</span> 
     </span>
     <span class='ocr_line' id='line_1_21' title="bbox 293 1985 1408 2072; baseline 0 -19"><span class='ocrx_word' id='word_1_127' title='bbox 293 1990 298 1999; x_wconf 89' lang='lat'><em>&#39;</em></span> <span class='ocrx_word' id='word_1_128' title='bbox 375 1988 491 2072; x_wconf 70' lang='lat' dir='ltr'>acopia</span> <span class='ocrx_word' id='word_1_129' title='bbox 510 1989 708 2072; x_wconf 85' lang='lat' dir='ltr'>anguillarum</span> <span class='ocrx_word' id='word_1_130' title='bbox 731 2003 800 2067; x_wconf 86' lang='lat' dir='ltr'>quae</span> <span class='ocrx_word' id='word_1_131' title='bbox 825 1985 865 2046; x_wconf 89' lang='lat' dir='ltr'>ibi</span> <span class='ocrx_word' id='word_1_132' title='bbox 888 1987 918 2045; x_wconf 91' lang='lat' dir='ltr'>in</span> <span class='ocrx_word' id='word_1_133' title='bbox 943 1987 1102 2069; x_wconf 86' lang='lat' dir='ltr'>paludibus</span> <span class='ocrx_word' id='word_1_134' title='bbox 1125 1992 1300 2071; x_wconf 83' lang='lat' dir='ltr'>capiuntur.</span> <span class='ocrx_word' id='word_1_135' title='bbox 1348 1994 1408 2053; x_wconf 89' lang='lat' dir='ltr'>Hic</span> 
     </span>
     <span class='ocr_line' id='line_1_22' title="bbox 374 2072 1408 2157; baseline -0.001 -17"><span class='ocrx_word' id='word_1_136' title='bbox 374 2077 448 2140; x_wconf 91' lang='lat' dir='ltr'>olim</span> <span class='ocrx_word' id='word_1_137' title='bbox 462 2090 525 2138; x_wconf 86' lang='lat' dir='ltr'>erat</span> <span class='ocrx_word' id='word_1_138' title='bbox 539 2076 638 2139; x_wconf 86' lang='lat' dir='ltr'><strong>nobile</strong></span> <span class='ocrx_word' id='word_1_139' title='bbox 661 2073 832 2136; x_wconf 88' lang='lat' dir='ltr'>coenobium</span> <span class='ocrx_word' id='word_1_140' title='bbox 858 2074 1018 2155; x_wconf 83' lang='lat' dir='ltr'>virginum,</span> <span class='ocrx_word' id='word_1_141' title='bbox 1043 2072 1090 2136; x_wconf 89' lang='lat' dir='ltr'>sed</span> <span class='ocrx_word' id='word_1_142' title='bbox 1114 2078 1212 2157; x_wconf 84' lang='lat' dir='ltr'>postea</span> <span class='ocrx_word' id='word_1_143' title='bbox 1237 2078 1324 2140; x_wconf 88' lang='lat' dir='ltr'>locus</span> <span class='ocrx_word' id='word_1_144' title='bbox 1338 2094 1408 2141; x_wconf 85' lang='lat' dir='ltr'>erat</span> 
     </span>
     <span class='ocr_line' id='line_1_23' title="bbox 374 2161 1406 2250; baseline 0.001 -22"><span class='ocrx_word' id='word_1_145' title='bbox 374 2163 446 2228; x_wconf 85' lang='lat' dir='ltr'>fisco</span> <span class='ocrx_word' id='word_1_146' title='bbox 459 2165 542 2247; x_wconf 88' lang='lat' dir='ltr'>regio</span> <span class='ocrx_word' id='word_1_147' title='bbox 555 2161 703 2225; x_wconf 74' lang='lat' dir='ltr'>addittus.</span> <span class='ocrx_word' id='word_1_148' title='bbox 752 2164 868 2224; x_wconf 89' lang='lat' dir='ltr'>Locum</span> <span class='ocrx_word' id='word_1_149' title='bbox 884 2162 965 2224; x_wconf 89' lang='lat' dir='ltr'>hunc</span> <span class='ocrx_word' id='word_1_150' title='bbox 979 2162 1050 2225; x_wconf 90' lang='lat' dir='ltr'>emit</span> <span class='ocrx_word' id='word_1_151' title='bbox 1062 2164 1271 2228; x_wconf 85' lang='lat' dir='ltr'>Ethelwoldus</span> <span class='ocrx_word' id='word_1_152' title='bbox 1288 2165 1406 2250; x_wconf 88' lang='lat' dir='ltr'>episco-</span> 
     </span>
     <span class='ocr_line' id='line_1_24' title="bbox 376 2248 1403 2338; baseline 0.001 -23"><span class='ocrx_word' id='word_1_153' title='bbox 376 2273 435 2337; x_wconf 85' lang='lat' dir='ltr'>pus</span> <span class='ocrx_word' id='word_1_154' title='bbox 449 2254 602 2315; x_wconf 84' lang='lat' dir='ltr'>Ventanns</span> <span class='ocrx_word' id='word_1_155' title='bbox 629 2251 724 2332; x_wconf 88' lang='lat' dir='ltr'>pretio</span> <span class='ocrx_word' id='word_1_156' title='bbox 750 2268 808 2311; x_wconf 92' lang='lat' dir='ltr'>non</span> <span class='ocrx_word' id='word_1_157' title='bbox 835 2248 959 2310; x_wconf 87' lang='lat' dir='ltr'>modicae</span> <span class='ocrx_word' id='word_1_158' title='bbox 974 2254 1106 2331; x_wconf 86' lang='lat' dir='ltr'>pecuniae</span> <span class='ocrx_word' id='word_1_159' title='bbox 1122 2254 1159 2317; x_wconf 84' lang='lat' dir='ltr'>ab</span> <span class='ocrx_word' id='word_1_160' title='bbox 1176 2253 1299 2335; x_wconf 83' lang='lat' dir='ltr'>Edgaro</span> <span class='ocrx_word' id='word_1_161' title='bbox 1320 2276 1403 2338; x_wconf 81' lang='lat' dir='ltr'>rege,</span> 
     </span>
     <span class='ocr_line' id='line_1_25' title="bbox 365 2336 1434 2425; baseline 0 -22"><span class='ocrx_word' id='word_1_162' title='bbox 365 2338 556 2405; x_wconf 73' lang='lat' dir='ltr'>‹constitnens</span> <span class='ocrx_word' id='word_1_163' title='bbox 570 2342 601 2403; x_wconf 88' lang='lat' dir='ltr'>in</span> <span class='ocrx_word' id='word_1_164' title='bbox 626 2359 662 2400; x_wconf 87' lang='lat' dir='ltr'>eo</span> <span class='ocrx_word' id='word_1_165' title='bbox 682 2336 898 2403; x_wconf 78' lang='lat' dir='ltr'>monachorum</span> <span class='ocrx_word' id='word_1_166' title='bbox 918 2358 1038 2419; x_wconf 82' lang='lat' dir='ltr'>gregem</span> <span class='ocrx_word' id='word_1_167' title='bbox 1061 2358 1121 2400; x_wconf 91' lang='lat' dir='ltr'>non</span> <span class='ocrx_word' id='word_1_168' title='bbox 1136 2341 1305 2416; x_wconf 88' lang='lat' dir='ltr'>minimum,</span> <span class='ocrx_word' id='word_1_169' title='bbox 1330 2345 1402 2425; x_wconf 56' lang='lat' dir='ltr'>qui*</span> <span class='ocrx_word' id='word_1_170' title='bbox 1433 2414 1434 2421; x_wconf 8' lang='grc' dir='ltr'>ἵ</span> 
     </span>
     <span class='ocr_line' id='line_1_26' title="bbox 378 2424 1401 2510; baseline -0.001 -17"><span class='ocrx_word' id='word_1_171' title='bbox 378 2428 437 2494; x_wconf 78' lang='lat' dir='ltr'>bus</span> <span class='ocrx_word' id='word_1_172' title='bbox 463 2428 611 2492; x_wconf 85' lang='lat' dir='ltr'>ordinavit</span> <span class='ocrx_word' id='word_1_173' title='bbox 638 2426 775 2490; x_wconf 83' lang='lat' dir='ltr'>abbatem</span> <span class='ocrx_word' id='word_1_174' title='bbox 801 2424 1012 2508; x_wconf 89' lang='lat' dir='ltr'>Brightnotum</span> <span class='ocrx_word' id='word_1_175' title='bbox 1030 2428 1220 2510; x_wconf 83' lang='lat' dir='ltr'>praepositum</span> <span class='ocrx_word' id='word_1_176' title='bbox 1236 2426 1346 2492; x_wconf 87' lang='lat' dir='ltr'>suum:</span> <span class='ocrx_word' id='word_1_177' title='bbox 1372 2432 1401 2492; x_wconf 80' lang='lat' dir='ltr'>dr</span> 
     </span>
     <span class='ocr_line' id='line_1_27' title="bbox 379 2512 1399 2601; baseline -0.001 -20"><span class='ocrx_word' id='word_1_178' title='bbox 379 2513 511 2599; x_wconf 84' lang='lat' dir='ltr'>ejusdem</span> <span class='ocrx_word' id='word_1_179' title='bbox 528 2516 586 2579; x_wconf 91' lang='lat' dir='ltr'>loci</span> <span class='ocrx_word' id='word_1_180' title='bbox 602 2515 690 2578; x_wconf 83' lang='lat' dir='ltr'>situm</span> <span class='ocrx_word' id='word_1_181' title='bbox 712 2512 844 2575; x_wconf 84' lang='lat' dir='ltr'>aedificiis</span> <span class='ocrx_word' id='word_1_182' title='bbox 866 2512 1062 2576; x_wconf 85' lang='lat' dir='ltr'>decentissime</span> <span class='ocrx_word' id='word_1_183' title='bbox 1076 2517 1238 2592; x_wconf 89' lang='lat' dir='ltr'>renovavit,</span> <span class='ocrx_word' id='word_1_184' title='bbox 1265 2539 1399 2601; x_wconf 87' lang='lat' dir='ltr'>eumque</span> 
     </span>
     <span class='ocr_line' id='line_1_28' title="bbox 379 2597 1403 2687; baseline -0.001 -19"><span class='ocrx_word' id='word_1_185' title='bbox 379 2619 526 2668; x_wconf 86' lang='lat' dir='ltr'>terrarum</span> <span class='ocrx_word' id='word_1_186' title='bbox 540 2602 759 2687; x_wconf 83' lang='lat' dir='ltr'>polleffionibus</span> <span class='ocrx_word' id='word_1_187' title='bbox 772 2597 982 2666; x_wconf 73' lang='lat' dir='ltr'>affluentissime</span> <span class='ocrx_word' id='word_1_188' title='bbox 993 2600 1216 2684; x_wconf 90' lang='lat' dir='ltr'>locupletatum,</span> <span class='ocrx_word' id='word_1_189' title='bbox 1241 2606 1272 2666; x_wconf 79' lang='lat' dir='ltr'>dr</span> <span class='ocrx_word' id='word_1_190' title='bbox 1286 2621 1403 2670; x_wconf 79' lang='lat' dir='ltr'>aeternae</span> 
     </span>
     <span class='ocr_line' id='line_1_29' title="bbox 283 2687 1431 2774; baseline 0.002 -18"><span class='ocrx_word' id='word_1_191' title='bbox 283 2696 285 2701; x_wconf 82' lang='lat'>&#39;</span> <span class='ocrx_word' id='word_1_192' title='bbox 380 2693 523 2756; x_wconf 81' lang='lat' dir='ltr'>libertatis</span> <span class='ocrx_word' id='word_1_193' title='bbox 538 2691 693 2774; x_wconf 88' lang='lat' dir='ltr'>privilegio</span> <span class='ocrx_word' id='word_1_194' title='bbox 709 2687 930 2764; x_wconf 85' lang='lat' dir='ltr'>confirmatum,</span> <span class='ocrx_word' id='word_1_195' title='bbox 953 2691 1151 2773; x_wconf 85' lang='lat' dir='ltr'>omnipotenti</span> <span class='ocrx_word' id='word_1_196' title='bbox 1167 2695 1304 2756; x_wconf 90' lang='lat' dir='ltr'>Domino</span> <span class='ocrx_word' id='word_1_197' title='bbox 1319 2716 1402 2758; x_wconf 79' lang='lat' dir='ltr'>com·</span> <span class='ocrx_word' id='word_1_198' title='bbox 1430 2745 1431 2757; x_wconf 44' lang='lat' dir='ltr'>r</span> 
     </span>
     <span class='ocr_line' id='line_1_30' title="bbox 381 2779 1274 2846; baseline -0.006 -1"><span class='ocrx_word' id='word_1_199' title='bbox 381 2779 541 2846; x_wconf 84' lang='lat' dir='ltr'>mendavit.</span> <span class='ocrx_word' id='word_1_200' title='bbox 1271 2787 1274 2806; x_wconf 77' lang='lat'><strong>¹</strong></span> 
     </span>
    </p>
   </div>
   <div class='ocr_carea' id='block_1_3' title="bbox 381 2845 1430 3306">
    <p class='ocr_par' dir='ltr' id='par_1_3' title="bbox 381 2845 1430 3306">
     <span class='ocr_line' id='line_1_31' title="bbox 426 2845 1430 2950; baseline 0.001 -19"><span class='ocrx_word' id='word_1_201' title='bbox 426 2865 638 2931; x_wconf 83' lang='lat' dir='ltr'>Conllruxerat</span> <span class='ocrx_word' id='word_1_202' title='bbox 665 2885 789 2950; x_wconf 82' lang='lat' dir='ltr'>qnoque</span> <span class='ocrx_word' id='word_1_203' title='bbox 811 2865 960 2948; x_wconf 87' lang='lat' dir='ltr'>quendam</span> <span class='ocrx_word' id='word_1_204' title='bbox 985 2863 1086 2929; x_wconf 81' lang='lat' dir='ltr'>locum</span> <span class='ocrx_word' id='word_1_205' title='bbox 1110 2865 1261 2930; x_wconf 87' lang='lat' dir='ltr'>vocabulo</span> <span class='ocrx_word' id='word_1_206' title='bbox 1279 2869 1401 2932; x_wconf 82' lang='lat' dir='ltr'>Abben·</span> <span class='ocrx_word' id='word_1_207' title='bbox 1429 2845 1430 2868; x_wconf 44' lang='lat'>¹</span> 
     </span>
     <span class='ocr_line' id='line_1_32' title="bbox 381 2953 1429 3038; baseline 0 -20"><span class='ocrx_word' id='word_1_208' title='bbox 381 2953 463 3019; x_wconf 88' lang='lat' dir='ltr'>dune</span> <span class='ocrx_word' id='word_1_209' title='bbox 476 2954 531 3018; x_wconf 84' lang='lat' dir='ltr'>sibi</span> <span class='ocrx_word' id='word_1_210' title='bbox 545 2953 729 3017; x_wconf 85' lang='lat' dir='ltr'>commilsum</span> <span class='ocrx_word' id='word_1_211' title='bbox 746 2955 911 3034; x_wconf 87' lang='lat' dir='ltr'>(nonenim</span> <span class='ocrx_word' id='word_1_212' title='bbox 927 2967 1013 3015; x_wconf 91' lang='lat' dir='ltr'>nocet</span> <span class='ocrx_word' id='word_1_213' title='bbox 1028 2953 1050 3015; x_wconf 86' lang='lat' dir='ltr'>st</span> <span class='ocrx_word' id='word_1_214' title='bbox 1066 2956 1165 3035; x_wconf 86' lang='lat' dir='ltr'>priora</span> <span class='ocrx_word' id='word_1_215' title='bbox 1187 2954 1400 3038; x_wconf 84' lang='lat' dir='ltr'>posterioribus</span> <span class='ocrx_word' id='word_1_216' title='bbox 1428 2965 1429 2972; x_wconf 45' lang='lat'>³</span> 
     </span>
     <span class='ocr_line' id='line_1_33' title="bbox 383 3037 1428 3131; baseline 0.004 -26"><span class='ocrx_word' id='word_1_217' title='bbox 383 3039 607 3128; x_wconf 82' lang='lat' dir='ltr'>postponamus)</span> <span class='ocrx_word' id='word_1_218' title='bbox 636 3042 887 3125; x_wconf 86' lang='lat' dir='ltr'>congregavitque</span> <span class='ocrx_word' id='word_1_219' title='bbox 916 3039 969 3104; x_wconf 88' lang='lat' dir='ltr'>fibi</span> <span class='ocrx_word' id='word_1_220' title='bbox 996 3041 1026 3102; x_wconf 92' lang='lat' dir='ltr'>in</span> <span class='ocrx_word' id='word_1_221' title='bbox 1053 3041 1134 3104; x_wconf 89' lang='lat' dir='ltr'>brevi</span> <span class='ocrx_word' id='word_1_222' title='bbox 1160 3037 1255 3125; x_wconf 82' lang='lat' dir='ltr'>spatio</span> <span class='ocrx_word' id='word_1_223' title='bbox 1278 3065 1400 3131; x_wconf 83' lang='lat' dir='ltr'>gregem</span> <span class='ocrx_word' id='word_1_224' title='bbox 1427 3050 1428 3086; x_wconf 70' lang='lat' dir='ltr'>l</span> 
     </span>
     <span class='ocr_line' id='line_1_34' title="bbox 381 3125 1427 3212; baseline -0.002 -17"><span class='ocrx_word' id='word_1_225' title='bbox 381 3131 608 3208; x_wconf 87' lang='lat' dir='ltr'>monachorum,</span> <span class='ocrx_word' id='word_1_226' title='bbox 631 3132 742 3212; x_wconf 85' lang='lat' dir='ltr'>qulbus</span> <span class='ocrx_word' id='word_1_227' title='bbox 757 3125 817 3210; x_wconf 85' lang='lat' dir='ltr'>lpse</span> <span class='ocrx_word' id='word_1_228' title='bbox 835 3128 936 3203; x_wconf 85' lang='lat' dir='ltr'>abbas,</span> <span class='ocrx_word' id='word_1_229' title='bbox 955 3129 1080 3210; x_wconf 86' lang='lat' dir='ltr'>jubente</span> <span class='ocrx_word' id='word_1_230' title='bbox 1105 3149 1176 3212; x_wconf 88' lang='lat' dir='ltr'>rege</span> <span class='ocrx_word' id='word_1_231' title='bbox 1196 3131 1334 3207; x_wconf 86' lang='lat' dir='ltr'>Edredo‚</span> <span class='ocrx_word' id='word_1_232' title='bbox 1355 3153 1400 3196; x_wconf 87' lang='lat' dir='ltr'>nr·</span> <span class='ocrx_word' id='word_1_233' title='bbox 1426 3167 1427 3193; x_wconf 63' lang='lat' dir='ltr'>r</span> 
     </span>
     <span class='ocr_line' id='line_1_35' title="bbox 382 3215 1426 3306; baseline 0.001 -24"><span class='ocrx_word' id='word_1_234' title='bbox 382 3217 502 3283; x_wconf 84' lang='lat' dir='ltr'>dinatus</span> <span class='ocrx_word' id='word_1_235' title='bbox 514 3216 566 3282; x_wconf 84' lang='lat' dir='ltr'>est.</span> <span class='ocrx_word' id='word_1_236' title='bbox 612 3215 647 3280; x_wconf 91' lang='lat' dir='ltr'>ln</span> <span class='ocrx_word' id='word_1_237' title='bbox 657 3237 720 3302; x_wconf 92' lang='lat' dir='ltr'>quo</span> <span class='ocrx_word' id='word_1_238' title='bbox 731 3217 868 3279; x_wconf 83' lang='lat' dir='ltr'>videlicet</span> <span class='ocrx_word' id='word_1_239' title='bbox 882 3215 950 3278; x_wconf 89' lang='lat' dir='ltr'>loeo</span> <span class='ocrx_word' id='word_1_240' title='bbox 961 3215 1111 3279; x_wconf 87' lang='lat' dir='ltr'>modicum</span> <span class='ocrx_word' id='word_1_241' title='bbox 1127 3217 1297 3302; x_wconf 86' lang='lat' dir='ltr'>antiquitus</span> <span class='ocrx_word' id='word_1_242' title='bbox 1312 3221 1398 3284; x_wconf 84' lang='lat' dir='ltr'>hube-</span> <span class='ocrx_word' id='word_1_243' title='bbox 1425 3269 1426 3306; x_wconf 26' lang='grc' dir='ltr'>ἢ</span> 
     </span>
    </p>
   </div>
   <div class='ocr_carea' id='block_1_4' title="bbox 309 3302 1424 4273">
    <p class='ocr_par' dir='ltr' id='par_1_4' title="bbox 381 3302 1397 3470">
     <span class='ocr_line' id='line_1_36' title="bbox 381 3302 1397 3387; baseline -0.001 -16"><span class='ocrx_word' id='word_1_244' title='bbox 381 3306 472 3371; x_wconf 81' lang='lat' dir='ltr'>batur</span> <span class='ocrx_word' id='word_1_245' title='bbox 485 3302 722 3369; x_wconf 85' lang='lat' dir='ltr'>monasteriolum</span> <span class='ocrx_word' id='word_1_246' title='bbox 735 3328 743 3376; x_wconf 70' lang='grc' dir='ltr'>ς</span> <span class='ocrx_word' id='word_1_247' title='bbox 767 3303 816 3366; x_wconf 90' lang='lat' dir='ltr'>sed</span> <span class='ocrx_word' id='word_1_248' title='bbox 829 3318 892 3366; x_wconf 84' lang='lat' dir='ltr'>erat</span> <span class='ocrx_word' id='word_1_249' title='bbox 907 3317 967 3366; x_wconf 88' lang='lat' dir='ltr'>tam</span> <span class='ocrx_word' id='word_1_250' title='bbox 980 3303 1149 3387; x_wconf 72' lang='lat' dir='ltr'>negledtum</span> <span class='ocrx_word' id='word_1_251' title='bbox 1170 3325 1205 3368; x_wconf 87' lang='lat' dir='ltr'>ac</span> <span class='ocrx_word' id='word_1_252' title='bbox 1221 3306 1397 3371; x_wconf 85' lang='lat' dir='ltr'>destitutum</span> 
     </span>
     <span class='ocr_line' id='line_1_37' title="bbox 382 3391 1235 3470; baseline -0.002 -11"><span class='ocrx_word' id='word_1_253' title='bbox 382 3394 490 3458; x_wconf 75' lang='lat' dir='ltr'>vlibus</span> <span class='ocrx_word' id='word_1_254' title='bbox 503 3391 662 3456; x_wconf 80' lang='lat' dir='ltr'>consistens</span> <span class='ocrx_word' id='word_1_255' title='bbox 676 3391 808 3456; x_wconf 71' lang='lat' dir='ltr'>adificiis</span> <span class='ocrx_word' id='word_1_256' title='bbox 821 3391 851 3453; x_wconf 83' lang='grc' dir='ltr'>8ι</span> <span class='ocrx_word' id='word_1_257' title='bbox 865 3411 919 3470; x_wconf 86' lang='lat'>40.</span> <span class='ocrx_word' id='word_1_258' title='bbox 938 3406 1054 3454; x_wconf 89' lang='lat' dir='ltr'>tantum</span> <span class='ocrx_word' id='word_1_259' title='bbox 1070 3399 1088 3435; x_wconf 68' lang='lat' dir='ltr'>*t</span> <span class='ocrx_word' id='word_1_260' title='bbox 1103 3394 1235 3457; x_wconf 84' lang='lat' dir='ltr'>manllas.</span> 
     </span>
    </p>

    <p class='ocr_par' dir='ltr' id='par_1_5' title="bbox 382 3477 1424 3830">
     <span class='ocr_line' id='line_1_38' title="bbox 427 3477 1424 3566; baseline 0.002 -21"><span class='ocrx_word' id='word_1_261' title='bbox 427 3481 519 3545; x_wconf 80' lang='lat' dir='ltr'>Dedit</span> <span class='ocrx_word' id='word_1_262' title='bbox 537 3482 625 3544; x_wconf 89' lang='lat' dir='ltr'>etiam</span> <span class='ocrx_word' id='word_1_263' title='bbox 648 3500 703 3544; x_wconf 84' lang='lat' dir='ltr'>rex</span> <span class='ocrx_word' id='word_1_264' title='bbox 727 3477 925 3563; x_wconf 84' lang='lat' dir='ltr'>polsellionem</span> <span class='ocrx_word' id='word_1_265' title='bbox 948 3499 1039 3562; x_wconf 84' lang='lat' dir='ltr'>quam</span> <span class='ocrx_word' id='word_1_266' title='bbox 1054 3481 1084 3542; x_wconf 91' lang='lat' dir='ltr'>in</span> <span class='ocrx_word' id='word_1_267' title='bbox 1100 3481 1289 3545; x_wconf 85' lang='lat' dir='ltr'>Abbendune</span> <span class='ocrx_word' id='word_1_268' title='bbox 1313 3483 1399 3566; x_wconf 87' lang='lat' dir='ltr'>posse·</span> <span class='ocrx_word' id='word_1_269' title='bbox 1423 3481 1424 3523; x_wconf 68' lang='lat' dir='ltr'>l</span> 
     </span>
     <span class='ocr_line' id='line_1_39' title="bbox 382 3565 1423 3649; baseline -0.001 -15"><span class='ocrx_word' id='word_1_270' title='bbox 382 3567 478 3647; x_wconf 85' lang='lat' dir='ltr'>derat,</span> <span class='ocrx_word' id='word_1_271' title='bbox 500 3568 558 3632; x_wconf 89' lang='lat' dir='ltr'>hoe</span> <span class='ocrx_word' id='word_1_272' title='bbox 571 3565 625 3644; x_wconf 80' lang='lat' dir='ltr'>est,</span> <span class='ocrx_word' id='word_1_273' title='bbox 646 3583 769 3634; x_wconf 85' lang='lat' dir='ltr'>centurn</span> <span class='ocrx_word' id='word_1_274' title='bbox 782 3567 902 3632; x_wconf 74' lang='lat' dir='ltr'>cataros</span> <span class='ocrx_word' id='word_1_275' title='bbox 913 3586 981 3632; x_wconf 85' lang='lat' dir='ltr'>cum</span> <span class='ocrx_word' id='word_1_276' title='bbox 995 3568 1127 3649; x_wconf 87' lang='lat' dir='ltr'>optimus</span> <span class='ocrx_word' id='word_1_277' title='bbox 1140 3569 1282 3645; x_wconf 84' lang='lat' dir='ltr'>aediliciis,</span> <span class='ocrx_word' id='word_1_278' title='bbox 1303 3571 1398 3635; x_wconf 80' lang='lat' dir='ltr'>abbati</span> <span class='ocrx_word' id='word_1_279' title='bbox 1422 3599 1423 3633; x_wconf 57' lang='lat' dir='ltr'>r</span> 
     </span>
     <span class='ocr_line' id='line_1_40' title="bbox 384 3655 1422 3742; baseline 0 -22"><span class='ocrx_word' id='word_1_280' title='bbox 384 3660 415 3720; x_wconf 74' lang='grc' dir='ltr'>ἃ</span> <span class='ocrx_word' id='word_1_281' title='bbox 429 3655 572 3720; x_wconf 80' lang='lat' dir='ltr'>fratribus</span> <span class='ocrx_word' id='word_1_282' title='bbox 583 3657 621 3720; x_wconf 91' lang='lat' dir='ltr'>ad</span> <span class='ocrx_word' id='word_1_283' title='bbox 631 3671 825 3740; x_wconf 85' lang='lat' dir='ltr'>augmentum</span> <span class='ocrx_word' id='word_1_284' title='bbox 840 3655 1006 3738; x_wconf 85' lang='lat' dir='ltr'>quotidiani</span> <span class='ocrx_word' id='word_1_285' title='bbox 1015 3655 1125 3731; x_wconf 75' lang='lat' dir='ltr'>vidtur,</span> <span class='ocrx_word' id='word_1_286' title='bbox 1149 3659 1178 3717; x_wconf 77' lang='lat' dir='ltr'>dc</span> <span class='ocrx_word' id='word_1_287' title='bbox 1193 3658 1230 3718; x_wconf 90' lang='lat' dir='ltr'>de</span> <span class='ocrx_word' id='word_1_288' title='bbox 1244 3660 1329 3742; x_wconf 86' lang='lat' dir='ltr'>regio</span> <span class='ocrx_word' id='word_1_289' title='bbox 1343 3660 1399 3722; x_wconf 91' lang='lat' dir='ltr'>the·</span> <span class='ocrx_word' id='word_1_290' title='bbox 1421 3701 1422 3741; x_wconf 34' lang='lat' dir='ltr'>r</span> 
     </span>
     <span class='ocr_line' id='line_1_41' title="bbox 383 3741 1398 3830; baseline -0.004 -18"><span class='ocrx_word' id='word_1_291' title='bbox 383 3741 471 3812; x_wconf 81' lang='lat' dir='ltr'>sauro</span> <span class='ocrx_word' id='word_1_292' title='bbox 484 3741 538 3808; x_wconf 88' lang='lat' dir='ltr'>suo</span> <span class='ocrx_word' id='word_1_293' title='bbox 559 3746 689 3808; x_wconf 88' lang='lat' dir='ltr'>multum</span> <span class='ocrx_word' id='word_1_294' title='bbox 711 3764 763 3807; x_wconf 87' lang='lat' dir='ltr'>eos</span> <span class='ocrx_word' id='word_1_295' title='bbox 785 3746 816 3808; x_wconf 84' lang='lat' dir='ltr'>in</span> <span class='ocrx_word' id='word_1_296' title='bbox 842 3744 967 3828; x_wconf 87' lang='lat' dir='ltr'>pecunia</span> <span class='ocrx_word' id='word_1_297' title='bbox 987 3743 1077 3824; x_wconf 83' lang='lat' dir='ltr'>juvit.</span> <span class='ocrx_word' id='word_1_298' title='bbox 1124 3747 1254 3808; x_wconf 87' lang='lat' dir='ltr'>Tantam</span> <span class='ocrx_word' id='word_1_299' title='bbox 1278 3749 1398 3830; x_wconf 82' lang='lat' dir='ltr'>gratiam</span> 
     </span>
    </p>

    <p class='ocr_par' dir='ltr' id='par_1_6' title="bbox 309 3805 1421 4072">
     <span class='ocr_line' id='line_1_42' title="bbox 309 3805 1421 3914; baseline -0.001 -17"><span class='ocrx_word' id='word_1_300' title='bbox 309 3864 316 3880; x_wconf 91' lang='lat'><strong>·</strong></span> <span class='ocrx_word' id='word_1_301' title='bbox 342 3863 349 3881; x_wconf 88' lang='lat'><strong>·</strong></span> <span class='ocrx_word' id='word_1_302' title='bbox 386 3833 534 3898; x_wconf 79' lang='lat' dir='ltr'>Dominus</span> <span class='ocrx_word' id='word_1_303' title='bbox 547 3831 603 3897; x_wconf 79' lang='lat' dir='ltr'>fibi</span> <span class='ocrx_word' id='word_1_304' title='bbox 627 3829 819 3896; x_wconf 80' lang='lat' dir='ltr'>servientibus</span> <span class='ocrx_word' id='word_1_305' title='bbox 841 3830 979 3902; x_wconf 85' lang='lat' dir='ltr'>contulit,</span> <span class='ocrx_word' id='word_1_306' title='bbox 1004 3847 1038 3894; x_wconf 90' lang='lat' dir='ltr'>ut</span> <span class='ocrx_word' id='word_1_307' title='bbox 1058 3830 1096 3893; x_wconf 89' lang='lat' dir='ltr'>ad</span> <span class='ocrx_word' id='word_1_308' title='bbox 1121 3830 1276 3914; x_wconf 83' lang='lat' dir='ltr'>praefatum</span> <span class='ocrx_word' id='word_1_309' title='bbox 1303 3805 1421 3898; x_wconf 78' lang='lat' dir='ltr'>omno-l</span> 
     </span>
     <span class='ocr_line' id='line_1_43' title="bbox 386 3901 1420 4004; baseline -0.002 -20"><span class='ocrx_word' id='word_1_310' title='bbox 386 3919 482 3996; x_wconf 88' lang='lat' dir='ltr'>bium,</span> <span class='ocrx_word' id='word_1_311' title='bbox 507 3919 594 4004; x_wconf 88' lang='lat' dir='ltr'>quod</span> <span class='ocrx_word' id='word_1_312' title='bbox 605 3933 674 3984; x_wconf 79' lang='lat' dir='ltr'>unte</span> <span class='ocrx_word' id='word_1_313' title='bbox 688 3921 779 3985; x_wconf 83' lang='lat' dir='ltr'>rebus</span> <span class='ocrx_word' id='word_1_314' title='bbox 795 3933 859 3984; x_wconf 86' lang='lat' dir='ltr'>erat</span> <span class='ocrx_word' id='word_1_315' title='bbox 873 3919 1109 4002; x_wconf 89' lang='lat' dir='ltr'>pauperrimum,</span> <span class='ocrx_word' id='word_1_316' title='bbox 1132 3939 1238 3984; x_wconf 75' lang='lat' dir='ltr'>omnes</span> <span class='ocrx_word' id='word_1_317' title='bbox 1253 3920 1343 3984; x_wconf 81' lang='lat' dir='ltr'>simul</span> <span class='ocrx_word' id='word_1_318' title='bbox 1357 3922 1396 3984; x_wconf 92' lang='lat' dir='ltr'>di·</span> <span class='ocrx_word' id='word_1_319' title='bbox 1419 3901 1420 3961; x_wconf 66' lang='lat' dir='ltr'>l</span> 
     </span>
     <span class='ocr_line' id='line_1_44' title="bbox 385 4005 1201 4072; baseline 0.002 -2"><span class='ocrx_word' id='word_1_320' title='bbox 385 4009 463 4072; x_wconf 81' lang='lat' dir='ltr'>uitiae</span> <span class='ocrx_word' id='word_1_321' title='bbox 477 4008 648 4072; x_wconf 86' lang='lat' dir='ltr'>riderentur</span> <span class='ocrx_word' id='word_1_322' title='bbox 662 4005 793 4072; x_wconf 86' lang='lat' dir='ltr'>affluere.</span> <span class='ocrx_word' id='word_1_323' title='bbox 1198 4067 1201 4072; x_wconf 90' lang='lat'>.</span> 
     </span>
    </p>

    <p class='ocr_par' dir='ltr' id='par_1_7' title="bbox 429 4093 1395 4182">
     <span class='ocr_line' id='line_1_45' title="bbox 429 4093 1395 4182; baseline -0.002 -22"><span class='ocrx_word' id='word_1_324' title='bbox 429 4095 514 4160; x_wconf 90' lang='lat' dir='ltr'>Idem</span> <span class='ocrx_word' id='word_1_325' title='bbox 538 4094 747 4158; x_wconf 82' lang='lat' dir='ltr'>Ethelwoldns</span> <span class='ocrx_word' id='word_1_326' title='bbox 762 4095 855 4160; x_wconf 77' lang='lat' dir='ltr'>abbas</span> <span class='ocrx_word' id='word_1_327' title='bbox 882 4093 942 4156; x_wconf 88' lang='lat' dir='ltr'>hoc</span> <span class='ocrx_word' id='word_1_328' title='bbox 967 4093 1035 4157; x_wconf 87' lang='lat' dir='ltr'>loeo</span> <span class='ocrx_word' id='word_1_329' title='bbox 1059 4093 1234 4161; x_wconf 79' lang='lat' dir='ltr'>honorabile</span> <span class='ocrx_word' id='word_1_330' title='bbox 1258 4095 1395 4182; x_wconf 87' lang='lat' dir='ltr'>templum</span> 
     </span>
    </p>

    <p class='ocr_par' dir='ltr' id='par_1_8' title="bbox 384 4177 1417 4273">
     <span class='ocr_line' id='line_1_46' title="bbox 384 4177 1417 4273; baseline -0.005 -24"><span class='ocrx_word' id='word_1_331' title='bbox 384 4183 507 4273; x_wconf 82' lang='lat' dir='ltr'>virginis</span> <span class='ocrx_word' id='word_1_332' title='bbox 520 4184 623 4249; x_wconf 78' lang='lat' dir='ltr'>Maria</span> <span class='ocrx_word' id='word_1_333' title='bbox 634 4181 809 4260; x_wconf 80' lang='lat' dir='ltr'>construxit,</span> <span class='ocrx_word' id='word_1_334' title='bbox 832 4185 862 4246; x_wconf 75' lang='grc' dir='ltr'>ἃ</span> <span class='ocrx_word' id='word_1_335' title='bbox 877 4177 1099 4252; x_wconf 83' lang='lat' dir='ltr'>consummarit.</span> <span class='ocrx_word' id='word_1_336' title='bbox 1416 4209 1417 4212; x_wconf 38' lang='lat'>¹</span> 
     </span>
    </p>
   </div>
   <div class='ocr_carea' id='block_1_5' title="bbox 712 4337 1416 4428">
    <p class='ocr_par' dir='ltr' id='par_1_9' title="bbox 712 4337 1416 4428">
     <span class='ocr_line' id='line_1_47' title="bbox 712 4337 1416 4428; baseline -0.007 -2"><span class='ocrx_word' id='word_1_337' title='bbox 712 4337 884 4426; x_wconf 48' lang='lat' dir='ltr'>stt-manu?</span> <span class='ocrx_word' id='word_1_338' title='bbox 1186 4354 1416 4428; x_wconf 67' lang='lat' dir='ltr'>annnorum</span> 
     </span>
    </p>
   </div>
   <div class='ocr_carea' id='block_1_6' title="bbox 0 0 1494 4900">
    <p class='ocr_par' dir='ltr' id='par_1_10' title="bbox 0 0 1494 4900">
     <span class='ocr_line' id='line_1_48' title="bbox 0 0 1494 4900; baseline 0 0"><span class='ocrx_word' id='word_1_339' title='bbox 0 0 1494 4900; x_wconf 95' lang='lat' dir='ltr'> </span> 
     </span>
    </p>
   </div>
  </div>
 </body>
</html>
