2934 4900
223 247 1020 352 nur1ounnttc.ouuaor‘nunn.
1177 285 1242 354 253

148 399 215 460 Hoc
228 400 309 458 anno
322 396 398 458 obiit
410 395 559 457 Roberms
575 392 710 456 Stretton
723 395 883 458 Conventr:
906 397 936 460 u
956 391 1125 462 Lichefeldt'

97 481 306 568 episcopusin
320 483 454 546 manerio
476 480 530 545 suo
552 481 590 542 de
609 482 795 562 Heywoode.
841 486 898 546 Cui
921 481 1050 548 successit
1064 489 1127 564 Mrl.¹

101 571 256 635 Walterus
273 571 409 645 Shirlaw,
432 569 619 632 decretorum
633 567 749 644 donor,
773 571 802 630 u
826 567 928 634 secreti
951 571 1038 656 sigilli
1053 574 1129 656 regis
1171 571 1172 586 ¹

101 659 237 739 bajulus,
255 659 314 740 -qui
329 677 389 719 non
404 659 501 720 multo
520 655 585 738 post
599 671 731 718 mortuo
746 659 834 735 Joan:
849 659 887 722 de
901 661 1037 724 Harewel
1052 656 1127 744 epis·
1174 706 1178 712 .
1231 701 1232 706 1

103 744 520 897 illilllltlililll
536 744 694 894 lisbsiilm
710 744 762 893 ii
778 742 1130 898 {stillulis

104 857 342 1007 psrotonosariuu
354 922 394 983 ab
405 921 512 982 eodem
525 919 649 982 Urbano
663 850 870 984 stesLicgheseld
880 919 922 984 est
933 855 1138 988 consecrares:

153 1008 291 1074 Thomas
306 1007 470 1088 Molynemt
482 1005 715 1068 constabularius
730 1005 860 1071 Cestriae.
1138 1003 1186 1074 ‘ii

151 1095 318 1162 Cooflislus
327 1096 418 1176 juxta
431 1086 559 1157 Bersortl
572 1114 665 1178 prope
682 1095 825 1160 Bablalte.
1138 1075 1299 1196 ξξέξέἱῑζοω
1369 1141 1372 1146 .

547 1201 710 1264 Lelandus.
1140 1209 1218 1282 erige.

153 1304 247 1368 Liber
263 1304 313 1366 hic
334 1299 482 1367 annalium
497 1301 640 1384 incipiens
653 1300 693 1388 ab
706 1302 823 1385 origine
838 1323 940 1366 rerum
954 1303 1132 1367 Britannica·

109 1413 181 1457 rom
207 1393 301 1455 linem
325 1395 439 1474 accepit
463 1409 534 1454 cum
557 1409 636 1451 anno
660 1393 702 1451 D.
724 1394 818 1474 1388.
863 1385 1133 1474 Sequebanturres,

109 1479 201 1569 gestae
220 1479 336 1562 aliquot
352 1497 499 1540 annorum
520 1478 553 1540 io
573 1477 679 1542 eodem
704 1479 876 1562 exemplari,
899 1477 948 1543 sed
968 1481 1134 1544 rudiori&

111 1570 270 1632 recentiori
285 1567 372 1628 litera
386 1565 509 1648 scriptae.
924 1619 926 1624 .
940 1608 943 1617 v

159 1659 287 1735 Joannes
308 1654 457 1717 Fordham
483 1650 635 1737 episeopus
662 1653 879 1730 Dunelmensrs,
903 1656 933 1716 &
955 1657 1040 1734 Joan:
1057 1651 1134 1720 Rus·

112 1744 188 1806 sholt
202 1745 279 1827 regis
293 1741 448 1817 consessor,
463 1739 557 1804 frater
568 1739 664 1804 Praed:
682 1743 711 1806 δι
725 1742 878 1827 episcopus
888 1741 1009 1806 Cicellr:
1022 1741 1136 1826 expulsi

114 1847 261 1896 moetente
275 1849 345 1912 rege
359 1829 376 1892 ὲ
390 1830 483 1892 curia.
589 1867 594 1875 ι

159 1923 285 1998 Joannes
303 1919 508 1999 Beauchampe
520 1914 556 1976 de
569 1915 654 1992 Holt,
667 1919 745 2000 regis
761 1915 874 1981 Senese:
890 1916 928 1980 ab
942 1921 1067 2002 antiquo
1079 1915 1134 1980 sal·
1144 1919 1202 1986 Pit·
1213 1923 1268 1980 198-

113 2008 167 2070 lax
183 2023 241 2069 tam
258 2011 316 2068 D0.
333 2006 475 2067 Eduardo
490 2004 527 2065 de
542 2002 711 2084 Wyndesor
725 2005 789 2088 regi
804 2025 896 2088 quarn
910 2004 1042 2069 filiosuo
1057 2010 1136 2069 Leo·
1174 2009 1175 2012 ’

116 2094 198 2167 nello
213 2095 283 2157 duci
306 2094 474 2170 Clarenriae',
497 2091 675 2155 Parlamenti
689 2093 805 2158 decreto
821 2093 930 2156 trastus
945 2095 975 2162 ἃ
989 2090 1138 2177 suspensus

114 2181 169 2246 est.

161 2273 289 2349 Joannes
304 2268 395 2330 Blake
408 2264 527 2330 scutifer
541 2263 704 2351 suspensus,
726 2269 781 2352 qui
795 2265 913 2331 steterat
926 2283 1030 2332 contra
1044 2243 1138 2332 Baro·

115 2377 171 2421 nes
180 2359 214 2419 in
228 2357 416 2419 Parlamento
430 2356 468 2417 de
482 2357 679 2438 Notingham.

164 2446 260 2509 Scotti
275 2439 436 2528 posuerunt
461 2439 553 2505 eastra
576 2466 670 2527 prope
683 2445 807 2505 Novum
823 2440 982 2506 castellum.
1028 2446 1063 2507 In
1078 2464 1140 2527 qua
1199 2454 1201 2461 '

114 2534 190 2598 villa
203 2534 347 2596 Henricus
362 2534 454 2613 Percy
475 2532 575 2609 junior
590 2533 620 2593 a
635 2527 921 2613 Radulphus'srater
945 2532 1007 2610 ejus
1031 2532 1140 2597 milites

116 2636 213 2686 erant.
249 2622 396 2683 Henricus
406 2620 499 2699 Percy
513 2638 585 2701 opp:
596 2620 724 2703 egressus
739 2636 845 2703 captus
859 2617 901 2682 est
917 2618 1066 2697 isscottis,
1090 2617 1140 2683 sed

118 2708 203 2774 edita
216 2724 286 2770 ante
297 2706 413 2791 ingenti
429 2709 602 2769 Scottorum
615 2706 701 2771 caede.

143 2838 146 2842 «
166 2799 247 2876 Papa
267 2792 413 2857 transtulit
435 2797 580 2874 Joannem
595 2796 744 2858 Fordlram
759 2790 930 2879 episcopum
954 2792 1138 2865 Dunelment

120 2885 162 2949 ad
175 2880 320 2946 Eliensem
335 2878 443 2957 sedem,
459 2884 489 2945 uc
503 2882 668 2947 Walterum
686 2880 811 2944 Shirlaw
827 2883 863 2945 de
875 2883 1002 2946 Bathon:
1019 2882 1059 2944 ad
1075 2886 1142 2945 Dn-

120 2971 251 3036 nelmen:
269 2969 469 3053 Radulphum
482 2971 636 3052 Ergonde
658 2973 764 3032 Sarum
778 2971 817 3031 ad
833 2970 920 3047 Bath,
944 2972 974 3032 lle
989 2969 1142 3036 Waltham
1176 2986 1177 2991 ’
1236 2978 1240 2987 ’

121 3061 261 3126 clericum
275 3059 314 3121 de
330 3060 443 3139 privato
458 3057 552 3140 sigillo
562 3080 615 3140 per
630 3056 827 3141 provisionem
837 3057 965 3121 eontulit
980 3056 1141 3139 Satelbiry.

168 3147 307 3211 Thomas
322 3150 486 3227 Brompton
501 3142 653 3227 episcopus
669 3144 805 3208 Rosensrs
828 3146 914 3209 obiit.
954 3144 1074 3207 Elesius
1098 3143 1141 3209 est

125 3256 181 3321 pto
195 3255 231 3297 eo
245 3235 333 3313 Joant
350 3234 388 3295 de
403 3238 524 3295 Barnet.
571 3234 628 3295 Sed
642 3236 721 3318 Papa
737 3232 841 3296 cassrtta
856 3232 1000 3296 eleslione
1013 3234 1142 3296 contulit

124 3320 330 3407 episcopatum
344 3324 431 3398 Joan:
448 3320 643 3382 Bottelelham
658 3322 696 3383 de
716 3322 783 3383 ord:
803 3322 898 3384 Praed:
920 3322 975 3403 qui
996 3317 1054 3383 suit
1068 3316 1143 3403 epis·
1181 3378 1183 3389 .
1307 3324 1331 3353 s

126 3431 218 3493 copus
231 3407 441 3484 landavensis,
455 3409 485 3469 δι
496 3409 661 3473 Edmundo
674 3406 845 3474 Bromefeld
860 3410 987 3471 ramicis
1000 3408 1063 3489 ejus
1071 3404 1144 3497 epis·
1222 3394 1227 3415 ¹

125 3512 268 3583 copamm
282 3493 514 3560 Landavensem
535 3533 538 3538 -

214 3613 263 3681 De
276 3613 456 3675 coronatione
466 3609 606 3677 Richards
621 3608 657 3675 2³·
696 3612 844 3693 Decerpta
857 3632 896 3675 ex
909 3610 981 3677 libro
993 3614 1070 3675 Gar·
1156 3624 1213 3691 Pag.
1225 3622 1284 3680 2993

468 3701 540 3761 terii
552 3700 630 3782 regis
640 3720 799 3763 annorum.

171 3806 301 3887 Joannes
315 3824 368 3867 rex
383 3801 516 3870 Callellae
541 3806 572 3867 81
592 3805 737 3888 Legionis
758 3804 1023 3870 duxLancastriae
1047 3824 1147 3867 coram
1249 3800 1268 3893 J

129 3893 187 3960 1³⁰.
211 3913 279 3974 rege
303 3892 455 3955 Richardo
478 3893 508 3953 8t
533 3891 655 3956 consilio
680 3890 734 3955 suo
757 3912 929 3974 comparens
953 3893 1090 3955 clamavit
1114 3909 1150 3955 ut

128 4001 228 4043 eomes
242 3978 434 4061 Leyrceilriae
448 3978 528 4043 offic:
550 3978 734 4042 Senescalciae
757 3981 849 4064 Angla
875 3984 904 4043 ἃ
927 3996 963 4042 ut
989 3980 1148 4047 duxLatt·

130 4066 218 4132 castr:
232 4066 650 4153 ad,gerendum'principatem
661 4069 798 4151 gladium
813 4064 864 4131 Di.
895 4061 993 4151 Re'gis,
1009 4082 1149 4131 vocatum

130 4157 273 4227 cartana,
296 4156 344 4217 die
358 4157 500 4218 Coronat:
526 4153 668 4236 ejusdem.
713 4158 754 4217 Et
779 4170 814 4217 ut
835 4175 936 4219 comes
956 4155 1096 4217 Lincoln:
1113 4154 1152 4216 nd

129 4238 324 4307 scindendum
346 4243 377 4304 u
391 4238 551 4305 secandum
563 4262 663 4306 coram
678 4264 749 4327 rege
763 4238 879 4307 sedente
902 4243 940 4304 ad
960 4240 1089 4309 mensam
1103 4240 1153 4304 die

129 4333 278 4416 §oronam
287 4330 401 4406 Et‘haec
409 4331 557 4396 clamabat
561 4332 795 4411 juteBlttoehiae,
806 4330 961 4414 quondam
970 4331 1072 4395 uxoris
1083 4326 1153 4396 suae.

75 4433 76 4444 ¹
131 4418 132 4423 ¹
499 4436 574 4487 ‘Sia
1095 4418 1155 4484 Hi&
