2934 4900
176 261 231 321 xa
468 231 804 316 norronrs
851 213 1261 317 PRAEFAT10.'

343 390 563 500 magnifico,
602 417 680 470 non
697 389 859 467 omnino
877 387 1051 494 indignis.
1081 388 1170 468 Alia
1193 405 1371 496 praeterea

343 505 392 581 de
414 503 496 581 viro
515 529 668 608 magn0,
698 499 902 608 studiisque
931 499 1131 591 litterariis,
1163 529 1248 608 quae
1275 530 1371 580 eum

343 616 599 696 Donwnnno
619 613 686 690 suo
717 639 833 691 annos
864 612 1173 718 aliquammultos
1191 611 1374 691 indefesse

346 725 476 818 coluit,
506 722 582 803 dici
606 723 759 832 possent.
815 722 963 803 Possem
995 725 1035 801 dc
1068 723 1374 832 Chronologiam

347 833 675 929 accuratissimam,
710 861 829 942 quam
858 835 1066 929 contexuit,
1095 837 1374 931 Herodoteam,

346 951 568 1058 reliquaque
597 973 710 1054 opera
727 945 927 1048 recensere,
955 946 1174 1050 imperfesla
1192 948 1389 1054 quidem,

347 1063 410 1141 sed
445 1058 658 1165 inquibus
695 1057 871 1136 altiffima
905 1059 1063 1137 eruditio
1102 1060 1377 1166 judiciumque

346 1199 503 1282 peracre¹
527 1171 687 1249 elucent.
748 1170 872 1275 Atqui
903 1168 985 1250 haec
1014 1170 1175 1274 longiori
1207 1172 1379 1249 oratione

269 1312 270 1318 ¹
347 1283 529 1396 persequi,
558 1283 617 1362 vel
637 1282 683 1360 de
710 1281 840 1359 iisdem
865 1279 981 1360 fufius
1014 1279 1182 1361 disserere
1210 1289 1283 1361 nec
1309 1309 1378 1360 va-

350 1415 423 1490 cat,
445 1423 514 1474 nec
532 1393 585 1472 est
603 1390 787 1501 presentis
807 1390 974 1471 instituti.
1002 1391 1090 1470 Hoc
1105 1384 1233 1492 tamen
1252 1394 1377 1472 addo:

350 1508 493 1585 Virum
529 1505 633 1583 hunc
667 1505 855 1583 eximium
886 1503 1184 1607 singulariter&
1214 1507 1379 1584 miratus

353 1621 450 1712 sum,
481 1619 520 1696 dc
538 1616 739 1711 observavi,
770 1616 836 1721 qui
855 1614 950 1694 nihil
970 1643 1143 1723 unquam
1169 1617 1217 1696 ad
1239 1616 1379 1695 osten-

352 1732 536 1808 tationem
555 1727 656 1824 secit,
685 1728 746 1805 sed
766 1729 897 1806 omnia
914 1728 1247 1808 advconscientiam
1274 1749 1380 1807 retn-

353 1843 411 1932 lit,
442 1845 616 1946 recteque
634 1839 736 1935 fatti,
765 1869 841 1918 nou
856 1867 905 1918 ex
923 1841 1054 1948 populi
1071 1839 1258 1932 sermone,
1275 1868 1380 1947 rner-

354 1955 501 2044 cedcm,
532 1953 593 2029 scd
626 1980 674 2030 ex
705 1952 808 2029 fusto
832 1952 953 2058 petiit.
1008 1951 1117 2031 Hinc
1145 1953 1193 2031 ad
1224 1953 1381 2030 initium

356 2067 540 2143 librorum
559 2065 710 2140 suorum
734 2062 813 2140 sere
833 2064 1011 2142 omniurn
1030 2062 1183 2171 scripsrt,
1213 2064 1302 2142 Non
1322 2065 1381 2142 ci-

315 2207 316 2211 *
356 2176 459 2252 viram
478 2173 591 2252 ardor
599 2189 725 2278 pruna
729 2171 950 2277 jubentium.
964 2221 1021 2237 -
1037 2175 1265 2284 Conscientia
1280 2174 1383 2253 mille

358 2284 468 2391 tester.
518 2288 622 2365 Cum
653 2287 786 2365 Attico
818 2285 958 2391 scilicet
983 2286 1068 2383 esse,
1098 2309 1218 2394 quam
1244 2285 1379 2381 videri,

355 2399 479 2482 bonus
509 2399 685 2495 malebat,
725 2399 1013 2506 intuebaturque
1054 2399 1178 2503 potius
1219 2400 1312 2506 quid
1345 2399 1383 2477 se

357 2512 479 2592 facere
509 2538 573 2619 par
602 2510 700 2602 esset,
730 2538 848 2618 quarn
880 2513 972 2617 quid
1005 2511 1067 2590 alii
1100 2510 1288 2591 laudaturi
1316 2510 1382 2590 fo-

357 2644 451 2704 rent.
508 2625 671 2702 Miratus
690 2622 814 2702 sniffes
834 2626 872 2701 &
888 2644 928 2701 tu
951 2624 1063 2731 (ficut
1082 2624 1205 2729 &ego
1226 2625 1384 2702 miratus

358 2735 461 2838 sum)
484 2734 754 2831 fiinterfuisses‚
781 2762 856 2840 qua
871 2736 1049 2843 patientia
1068 2734 1220 2841 longam
1236 2738 1276 2813 dc
1294 2764 1384 2845 perf

357 2851 523 2928 tinacem
552 2846 807 2923 valetudinem
835 2846 1013 2941 tolerarit,
1051 2847 1287 2951 fortunaeque
1314 2853 1384 2925 ad·

283 3036 286 3047 ,
359 2959 619 3038 versantibus
640 2958 820 3038 restiterit.
880 2958 989 3064 Qin
1014 2960 1053 3038 &
1083 2972 1241 3063 tanturn,
1260 2957 1385 3037 abfuit

359 3092 402 3150 ut
428 3096 647 3178 quenquam
677 3071 853 3148 conviciis
884 3069 1090 3149 diueriisve'
1109 3069 1309 3166 incesseret,
1340 3087 1386 3148 ut

361 3184 476 3262 etiam
497 3184 543 3263 de
562 3181 648 3260 viris
668 3182 812 3289 aliquot
832 3183 982 3289 ingratis
1013 3179 1052 3290 (d
1077 3184 1215 3289 quibus
1239 3183 1386 3290 optime

360 3296 481 3403 suerat
505 3296 672 3389 meritus,
701 3293 915 3399 quibusque
942 3293 1090 3373 solenne
1109 3294 1174 3390 est,
1204 3313 1246 3372 ut
1270 3294 1385 3373 multi

362 3408 447 3486 sunt
466 3498 467 3503 Ἰ
484 3405 658 3512 experti,
689 3407 737 3482 ab
767 3404 906 3483 afflida
943 3406 1107 3484 amicitia
1138 3404 1384 3513 transfugere,

281 3528 282 3533 ’
362 3521 402 3598 dt
429 3518 476 3596 ad
499 3520 621 3595 aliam
651 3512 846 3595 florentem
881 3516 1072 3621 devolare)
1098 3518 1140 3617 fi,
1165 3518 1244 3625 ipso
1273 3519 1386 3597 audi·

339 3649 460 3723 ente,
498 3623 642 3707 mentio
674 3627 790 3724 fieret,
836 3628 895 3706 vel
932 3630 1089 3708 omnino
1121 3648 1255 3707 mutus
1282 3629 1384 3721 esset,

362 3743 420 3820 vel
440 3741 486 3817 de
507 3742 577 3817 illis
598 3740 755 3819 subinde
773 3739 979 3828 honorifice
999 3740 1224 3847 loqueretur.
1256 3742 1385 3837 Vides,

362 3856 421 3931 vir
459 3853 507 3931 cl.
547 3853 669 3957 qualis
713 3852 949 3959 quantusque
994 3854 1164 3933 amicus.
1191 3853 1386 3947 occiderit,

346 3968 403 4059 ¹do
434 3993 553 4073 quam
579 3964 686 4071 justis
724 3966 771 4041 de
804 3966 934 4042 caussis
963 3964 1163 4062 'CHERRIr
1197 3985 1404 4064 mortem,
1455 3987 1456 4026 t

365 4079 452 4195 (qui
480 4074 766 4189 mihi'parentis
798 4073 980 4164 affec‘tum
1012 4075 1157 4186 semper
1191 4074 1385 4181 exhibuit)

380 4208 384 4217 '
498 4238 503 4246 ·
1201 4206 1384 4312 tanquam
