2934 4900
188 175 1033 262 ANTIQUARII‘CQLLECTANEA
1154 211 1222 284 υς

122 310 203 374 Dani
219 304 353 370 feceruut
369 324 449 387 mag:
473 303 587 365 caedem
600 305 771 388 Angiorum
792 308 830 371 ad
845 311 1101 395 Hochemertoun,
1112 323 1166 373 Hoc
1176 327 1252 378 Mut-

68 399 106 462 8t
123 399 168 462 ibi
184 399 294 460 circum
308 397 341 458 in
353 392 457 460 comit:
473 391 603 458 Oxouiae,
615 391 765 460 facientes.
1111 389 1213 468 dunum.

105 488 216 546 'Anno
231 503 274 548 11.
285 481 418 543 Eduardi
431 478 513 545 uani
522 481 729 544 eumnavibus
737 483 776 546 ab
789 482 898 548 Austro
912 508 951 552 ex
967 455 1244 571 Lidwico.llt¹d}⁶10¹¹0¹¹.⁰
1273 507 1276 512 '

70 586 228 636 venerunt
244 591 318 634 cum
330 568 460 635 ducibus
473 567 569 632 Uther
584 569 614 634 dt
629 570 767 653 Ragbald
782 570 821 633 ad
842 576 991 639 occident:
1009 587 1240 660 partesnorthton.

72 661 215 723 Sabrinae
238 661 326 739 juxta
348 657 458 731 littora,
489 657 681 738 &ceperunt
704 659 895 746 Cantelegeat
921 661 1105 750 episcopum,

72 769 179 832 quem
193 743 473 828 Edwarduepoilea
487 763 542 817 40.
558 742 640 808 libris
655 743 791 810 redemit.
1216 805 1221 810 ,

124 834 204 901 Daci
219 832 288 897 vitii
305 841 319 898 l
333 829 627 914 comprovintialibus
642 832 675 896 in
684 831 877 913 urchenteld,
902 835 958 901 ubi·
968 840 1108 926 Raghuld

70 921 193 1000 consul,
217 921 246 990 δι
263 921 379 986 Heolcil
395 919 486 986 frater
500 920 598 984 Uther
611 919 738 986 consulis
754 943 826 986 cum
843 944 924 1011 mag:
941 943 1027 1010 parte
1042 931 1109 993 Da-

73 1033 192 1079 norum
206 1011 389 1072 ceciderunt.
410 1030 423 1043 ,.

92 1143 97 1150 -
122 1099 306 1180 Ethelredns
321 1098 386 1162 dux
399 1096 432 1160 de
442 1096 581 1162 dominus
596 1099 692 1162 Mete:
705 1097 789 1186 prole
803 1119 902 1164 carens
916 1115 931 1150 ²
945 1099 1108 1167 masculina

73 1231 158 1295 obiit
169 1251 248 1294 anno
266 1230 315 1293 16.
333 1227 468 1292 Eduardi
484 1226 620 1293 Senioris.
643 1229 780 1316 Reliquit
794 1246 893 1296 autern
910 1229 1055 1300 Elwinam
1069 1233 1106 1316 fi·

75 1319 154 1384 liam
166 1320 248 1382 ioum
259 1319 399 1385 heredem
412 1321 506 1380 Merc:
604 1328 607 1332 ’

91 1405 101 1413 ”
122 1405 229 1470 Postea
254 1405 378 1480 Elileda,
412 1425 490 1467 uxor
515 1403 679 1481 Ethelredi‚
711 1405 804 1492 longo
823 1423 958 1492 tempore
984 1425 1108 1494 gentem

75 1498 178 1572 Merct
189 1493 271 1558 ¹rexit
284 1492 589 1576 exceptis-Londonia
614 1496 644 1557 8<
669 1496 788 1558 Oxouia
802 1517 877 1580 quas
895 1518 948 1560 rex
969 1497 1022 1562 fibi
1036 1497 1107 1563 reti·

76 1586 160 1647 nuit.
188 1585 228 1644 Et
242 1583 348 1645 endem
362 1602 441 1644 anno
454 1579 613 1645 monaster:
630 1583 812 1669 &Burgum
836 1585 874 1648 de
892 1585 1107 1674 Bruonelburg

81 1670 265 1734 construxit.
784 1711 787 1720 ·

125 1756 242 1821 Elfleda
256 1756 378 1820 domina
392 1759 488 1821 Merc:
505 1757 620 1840 praedas
633 1756 716 1838 apud
730 1757 919 1823 Brelceniault
934 1762 1006 1844 egit.
1052 1761 1104 1826 El·

76 1845 247 1913 fledaobiit
263 1861 312 1908 12.
327 1845 377 1909 d'te
390 1861 457 1908 ante
469 1843 578 1908 festum
591 1848 632 1908 D.
648 1849 771 1923 Joannis
786 1849 865 1930 apud
879 1851 1089 1914 Tameworth.
1105 1849 1115 1884 ⁸

125 1934 241 1998 Elfleda
255 1929 368 2014 sepulta
382 1931 552 1997 Gloccstriae
563 1935 592 1994 in
607 1930 726 2001 ecclelia
745 1938 774 1996 S.
793 1933 884 1997 Petri.
1112 1961 1171 2030 rag.
1182 1976 1241 2026 ²37·

95 2035 105 2047 ‘
125 2020 293 2086 Edwardus
303 2037 422 2108 neptem
430 2020 511 2084 luam
520 2021 681 2096 Elwinam‚
697 2020 820 2084 Elfledae
830 2021 933 2102 filiam,
949 2021 1106 2108 protestate

77 2111 225 2191 adempta
235 2111 268 2172 in
281 2107 514 2174 westsaxoniam
526 2109 597 2172 duci
608 2106 690 2174 fecit.

126 2197 286 2262 Thelewai
301 2197 332 2258 in
347 2201 411 2280 ripa
426 2193 541 2279 Mersey
563 2197 618 2260 flu:
635 2196 722 2260 distat
739 2215 767 2280 ς.
787 2197 918 2263 millibus
936 2197 1108 2283 pulsuum&

78 2286 248 2352 Run'corua
263 2284 300 2345 ad
315 2287 470 2348 orientem.

125 2372 297 2438 Edwardus
312 2373 382 2435 Rex
402 2371 484 2455 apud
498 2369 676 2432 Ferandune
694 2371 784 2453 juxta
804 2372 955 2435 oxoniam
966 2373 1053 2452 obiit,
1075 2375 1110 2438 dn
1261 2446 1265 2451 ,

83 2463 172 2549 apud·
186 2459 372 2524 Wincbestre
382 2457 514 2542 sepultus
528 2456 581 2523 est.
1220 2449 1223 2455 ’

125 2550 215 2614 Circa
239 2549 299 2610 hoe
322 2563 439 2631 tempus
454 2547 560 2610 Sidric.
583 2566 638 2608 rex
661 2546 924 2614 Northanhumbrt
949 2548 1110 2633 Nigellum‘

80 2637 206 2703 tratrem
223 2633 310 2699 suum
323 2637 447 2710 occidit,
461 2656 526 2718 quo
539 2630 645 2698 scelere
662 2651 828 2717 perpetrato
843 2637 1026 2721 Reginaldus
1040 2658 1107 2715 rex,

80 2727 163 2793 filius
177 2720 326 2787 Gudfredi
341 2726 418 2808 regis
433 2725 596 2797 Dacorum,
620 2723 790 2787 Eboracum
804 2724 860 2807 fibi
872 2724 1061 2813 conquiiirit.

126 2817 186 2884 Hic
199 2812 369 2877 Edwardus
384 2814 463 2896 leges
476 2810 614 2876 condidit
629 2814 764 2877 Oxouiae.

129 2908 220 2965 Anno
233 2900 401 2965 Athelstani
425 2902 500 2985 regis
519 2918 569 2964 12.
591 2898 663 2963 Odo
687 2897 785 2964 fattus
808 2898 851 2963 est
870 2898 1107 2983 archiepiscopus

82 2989 331 3056 Doroberneufis.
355 2988 411 3073 lile
425 2990 495 3053 Odo
506 2986 683 3063 wolfelmo,
699 2985 754 3071 qui
763 2986 842 3049 inter
858 2986 954 3071 ipsum
968 2991 999 3051 dr
1012 2990 1107 3051 Athe·

83 3079 182 3143 linum
196 3075 282 3153 sedit,
305 3076 453 3141 succeffit:
476 3076 531 3160 qui
544 3076 668 3159 quidem
682 3073 843 3139 Athelinus
855 3096 918 3139 non
932 3074 991 3141 fuit
1004 3096 1108 3141 mona·

85 3168 172 3244 citur,
196 3164 247 3229 sed
259 3182 365 3228 ornnes
380 3164 430 3229 alii
447 3181 516 3227 ante
528 3184 599 3226 enm
616 3179 712 3227 erunt.

129 3259 224 3319 Anno
235 3273 249 3316 1
255 3269 285 3334 ς.
298 3250 465 3317 Atheliiani
475 3249 570 3315 Aulai
582 3271 717 3333 paganus
730 3271 784 3314 rex
794 3252 918 3315 Hibero:
930 3248 1108 3319 multarum.-

85 3364 148 3429 que
167 3340 329 3406 insularum
345 3338 476 3403 {tsooeru
488 3336 542 3403 suo
553 3336 750 3402 Constantino
764 3360 834 3423 rege
849 3345 1021 3404 Scottorum
1033 3338 1110 3401 inci»

62 3459 69 3469 ·
86 3449 170 3496 tatus
187 3429 318 3493 hostium
332 3428 463 3493 Humbri
478 3427 617 3490 iluz‘cnm
631 3447 710 3511 mag:
726 3427 810 3489 classe
824 3427 1001 3511 ingreditur.
1037 3426 1108 3503 Cui,

78 3515 243 3583 uircesuas
257 3519 339 3601 genti
354 3518 527 3580 Scottorum
540 3516 570 3578 dc
584 3518 743 3578 Dacorum
763 3515 923 3599 inaAngiia
937 3510 1111 3577 conversan·

86 3608 166 3671 tium
191 3605 360 3680 addocenti,
383 3625 439 3667 rex
462 3600 655 3672 Athelstanus
676 3624 749 3667 cum
770 3600 861 3665 fratre
878 3600 931 3665 suo
946 3602 1111 3665 Edrnundo

83 3714 257 3768 occurrens,
274 3693 412 3776 proelinm
426 3692 600 3775 proeliorum
610 3690 719 3753 martti
735 3692 882 3773 principio
893 3691 952 3754 diei
964 3684 1057 3773 usque
1072 3690 1111 3757 ad
1156 3707 1159 3714 ⁴
1184 3750 1185 3753 ,

78 3784 182 3845 ¹linum
197 3780 386 3864 protradtum
397 3782 479 3863 apud
494 3779 684 3863 Brunesburg
697 3778 857 3854 commisit,
873 3778 929 3842 ubt
941 3797 969 3861 ς.
986 3799 1071 3859 reges
1081 3779 1111 3841 &

90 3890 120 3952 7.
138 3868 231 3933 duces
244 3890 314 3931 cum
331 3869 417 3950 plebe
439 3870 595 3932 innumera
620 3866 810 3943 occiduntur,
834 3868 953 3950 regibus
966 3863 1062 3929 Anias
1083 3864 1113 3928 dt

87 3956 286 4025 corntanuno
298 3955 457 4037 antedidlit
466 3958 505 4019 ad
519 3977 608 4019 mres
620 3961 723 4040 lugere
737 3954 907 4038 compulfis.

121 4045 325 4115 *Athelssanus
336 4064 390 4107 rex
404 4044 484 4128 leges
497 4059 604 4129 quater
617 4045 722 4119 edidit,
739 4064 870 4129 quarum
880 4057 996 4128 pectem
1006 4042 1116 4106 Great·

253 4214 783 4310 eremiumruuiruoremr

1041 4304 1119 4387 1⁶1³»
