2934 4900
495 236 824 304 Buntourbuuour
842 242 940 304 vrrn'
961 245 991 323 J.
1006 242 1196 309 titiant:
1325 288 1328 297 ·

332 378 434 442 'vitatis
448 376 558 441 castelli
569 381 600 441 dc
613 379 715 462 oppidi
727 380 759 443 in
772 378 905 461 qualibet
915 380 1082 461 provincia3
1099 393 1173 442 tunc
1185 374 1363 462 descriptio
1410 366 1411 383 Χ

331 487 404 531 uem
416 464 578 531 insularum
589 468 838 544 Britannicarum,
849 469 879 529 8(
890 466 1000 529 ultimo
1010 483 1069 529 tres
1079 466 1174 529 libros
1188 468 1361 531 nobilitatis

332 551 472 638 Anglicae
486 552 659 636 adjunxill'c.
704 558 784 641 Qae
797 552 910 637 lingula
923 555 954 615 iu
973 553 1097 637 epistola
1110 553 1242 638 quadam
1256 555 1361 619 cldern

331 641 396 725 regi
411 642 541 703 Heurico
563 642 697 703 dedicata
717 642 758 703 src
781 642 924 725 perticere
943 641 1086 723 promilit.
1132 641 1194 704 Sed
1209 638 1282 705 cum
1295 643 1360 706 hoc

331 730 409 791 rude
423 730 513 791 chaos
533 730 568 809 lit
587 730 760 813 pergrandis
785 746 904 791 acervus
919 729 1097 811 digerendus
1121 730 1152 790 u
1174 730 1206 790 iti
1220 730 1359 793 ordinem

329 817 536 879 methodicnm
559 807 740 900 redigendus
762 816 842 891 cller,
865 838 938 881 unrn
952 816 1010 887 vel
1023 814 1068 878 lui
1094 814 1271 894 diffidentia,
1292 838 1360 881 nou
1411 814 1412 819 ’

329 904 503 984 perficiendi
516 904 580 965 haec
591 924 700 989 magna
714 924 787 987 quae
798 904 950 987 pollicitus
963 903 1006 966 est
1019 904 1167 979 laborans,
1181 905 1229 967 vel
1244 918 1360 969 tenue
1404 933 1408 944 ·

329 990 533 1055 immensitatis
549 1006 637 1053 tantae
663 994 694 1055 dt
716 1009 778 1053 tam
803 991 891 1053 vastae
912 993 996 1054 molis
1015 990 1160 1062 devictus,
1183 990 1310 1056 confuso
1325 996 1358 1057 8τ

328 1079 433 1141 vitiato
445 1079 568 1159 cerebro
581 1079 599 1142 ὲ
611 1078 756 1164 potestate
770 1082 879 1141 mentis
902 1078 961 1141 luae
983 1078 1102 1153 decidit,
1125 1081 1157 1139 ἃ
1183 1081 1357 1161 phrenetica

327 1168 425 1229 mania
439 1188 487 1230 an.
508 1186 520 1227 r
528 1186 602 1251 55²·
624 1167 682 1229 ³6.
701 1170 738 1229 E.
753 1166 800 1227 6.''
816 1167 911 1249 (quod
921 1167 1086 1249 lugendum
1099 1162 1180 1247 lane)
1192 1168 1355 1250 expiravit.

326 1255 427 1339 Qod
445 1276 516 1317 cum
542 1256 605 1337 tegi
631 1252 784 1317 Edwardo
812 1252 895 1316 sexto
920 1254 1100 1327 innotuillet,
1137 1258 1355 1337 (nequeenim

327 1355 410 1403 tauta
424 1344 479 1404 viri
493 1342 612 1405 delituit
624 1341 767 1423 dignitas,
790 1358 898 1424 utpote
911 1342 961 1404 cui
973 1362 1033 1404 uon
1048 1341 1181 1403 multum
1196 1357 1282 1407 autea
1289 1348 1354 1407 Ge·

326 1431 501 1492 nethliacou
525 1431 595 1509 ejus·
613 1430 783 1509 dedicallet)
812 1429 951 1513 praecepit
964 1429 1095 1506 Johanui
1119 1428 1224 1493 Che'lte
1248 1433 1351 1507 militi,

325 1516 473 1579 didascalo
497 1514 560 1590 suo,
584 1530 620 1579 ut
644 1516 725 1578 illico
751 1516 964 1579 bibliothecam
989 1519 1053 1597 ejus
1076 1515 1286 1599 specularetur,
1321 1523 1353 1583 dt
1413 1501 1414 1587 l

324 1605 427 1667 omnia
439 1607 503 1684 ejus
518 1622 608 1686 opera
620 1602 820 1686 manuscripta
833 1606 859 1665 ei
876 1602 1027 1665 badferret
1041 1630 1050 1678 3
1073 1624 1142 1689 qum
1151 1608 1255 1669 omnia
1269 1608 1351 1672 idem

289 1718 294 1723 ·
324 1692 476 1771 Johannes
489 1692 592 1754 Cheke
601 1693 744 1754 mandato
755 1693 834 1773 regis
845 1689 946 1755 secum
955 1691 1230 1774 abduxit,&peues
1241 1693 1270 1757 le
1279 1698 1352 1759 reti·
1413 1704 1414 1709 ’

325 1782 405 1844 nuit.
443 1779 512 1845 Post
524 1797 651 1842 mortem
660 1779 770 1841 domiui
781 1776 885 1841 Chelae
901 1780 1028 1862 plurima
1042 1800 1146 1843 eorum
1162 1782 1351 1847 devenerunt

325 1869 364 1929 ad
379 1866 615 1931 honoratilltmos
626 1868 825 1930 Willielmum
841 1865 986 1930 Batonem
999 1869 1131 1949 Paget&
1147 1869 1349 1936 Willielmunl

322 1956 420 2017 Cecill
434 1960 580 2017 Batonem
595 1956 632 2017 de
648 1954 809 2037 Burghlcy‚
832 1956 973 2017 maritum
989 1952 1092 2017 sorotis
1110 1953 1182 2017 dini
1202 1960 1349 2037 johannis

326 2043 443 2104 Cheke.
480 2046 555 2104 Haec
570 2057 686 2103 tantum
702 2058 833 2123 quatuor
849 2043 1002 2104 volumina
1025 2042 1057 2104 in
1080 2062 1186 2105 manns
1211 2064 1348 2109 reverenb
1414 2084 1415 2105 t

325 2126 435 2192 dillimi
449 2129 610 2192 Humfredi
626 2127 752 2211 Purefey
767 2144 780 2175 ⁶
795 2128 877 2193 Ar.“
896 2128 1101 2213 consanguinei
1123 2134 1183 2193 mei
1199 2144 1296 2216 nuper
1308 2136 1348 2199 de

325 2216 446 2279 consilio
460 2216 658 2279 illustrissimae
672 2216 852 2279 Elizabethae
866 2219 973 2301 reginae
983 2219 1014 2279 iu
1026 2217 1159 2300 partibus
1174 2218 1347 2287 borealibus

324 2304 498 2378 inciderunt,
515 2324 554 2367 ex
564 2305 645 2367 dono
658 2304 731 2366 diui
741 2305 883 2383 Johannis
894 2302 1012 2383 Chele,
1024 2328 1040 2367 a
1050 2306 1134 2386 cnjus
1146 2306 1210 2369 filio
1219 2310 1346 2374 Thoma

325 2390 453 2475 Pureley
467 2414 524 2478 ego
539 2392 619 2457 douo
633 2394 731 2475 accepi
751 2390 843 2457 1612.

356 2565 850 2628 ²6.lid.pr06.E6.malehabentalii.
913 2566 1052 2632 bttaplane
1066 2569 1091 2616 iu
1103 2570 1163 2618 eod.
1176 2572 1302 2635 Mbnon,
1317 2581 1344 2622 nl

323 2629 372 2687 alii,
388 2630 496 2693 referret.
547 2636 559 2664 ⁶
575 2635 612 2681 Ita
624 2633 711 2682 sanein
722 2633 782 2683 Cnd.
796 2636 850 2684 lllb'.
869 2634 914 2684 Ar.
926 2635 1189 2699 perperamumisntunt
1199 2634 1250 2686 alii.
