2934 4900
516 232 1191 332 ionuuisininuui

393 370 449 448 'Et
463 380 537 447 stcut
558 397 641 445 erant
665 382 770 445 armati
794 382 977 443 intraverunt
1001 380 1159 457 ecclesiam,
1192 383 1223 443 ἃ
1248 365 1412 446 volebanl

362 470 480 537 auferre
503 491 583 554 magt
609 483 739 543 crucem,
763 467 812 531 sed
836 472 895 532 bon
919 485 1087 551 pot-uerunt.
1132 473 1335 551 Acceperuut
1359 488 1408 531 ta·

363 579 433 624 meu
446 578 586 620 coronam
601 578 719 621 auream
734 557 772 619 de
786 560 883 639 capite
897 556 1032 619 crucifuri
1056 578 1126 619 cum
1149 556 1286 639 pretiosis
1311 579 1408 641 gem·

364 647 433 719 mis,
456 647 486 707 dt
500 644 653 709 scabellum
667 643 722 707 sub
738 646 903 747 pedibusj
878 666 894 707 ε
909 666 941 706 us
963 644 1096 707 similiter
1118 666 1155 707 ex
1177 658 1252 706 auro
1266 667 1354 728 puro
1374 648 1407 707 &

364 736 501 818 gemmis
545 736 732 814 Acceperunt
748 735 835 795 etiam
851 666 913 794 dul>
927 729 1033 795 feretra
1047 754 1137 795 aurea
1161 735 1190 794 &
1214 751 1335 795 novem
1353 754 1406 815 ar7

366 823 603 906 geutea&auro
627 823 656 883 ἃ
677 823 805 904 gemmis
833 820 907 884 δεῦε
933 834 1050 901 parata:
1074 822 1103 881 u
1133 838 1183 883 12.
1208 840 1318 883 cruces
1345 822 1405 883 ali

366 922 493 993 quantas
508 928 621 983 aureas,
644 910 674 969 81
688 910 758 971 alias
769 909 825 969 de·
821 924 948 990 argento
959 910 988 969 ἃ
1003 928 1077 970 auro
1092 909 1122 970 dt
1138 908 1279 991 gemmis
1330 912 1404 970 Nec

366 996 431 1062 δα
444 992 654 1059 suffeceruut'
630 1016 683 1070 ers,
706 993 756 1057 sed
770 1017 786 1057 a
788 994 983 1059 l'cenderunt
977 1015 1007 1057 m
1022 997 1147 1069 turrim.
1160 998 1189 1058 81
1204 1010 1403 1079 acceperunt

366 1103 504 1167 maguam
520 1085 767 1167 tabulam,·quam
785 1084 827 1148 ibi
841 1081 1052 1146 absconderant
1067 1085 1216 1158 monaehi,
1241 1087 1342 1148 totam
1358 1104 1402 1149 ex

366 1182 444 1235 adro
457 1188 488 1235 et
501 1186 627 1253 argento
640 1175 670 1234 bt
695 1170 826 1253 pretiosrs
840 1173 975 1255 gemmis,
999 1190 1066 1253 quae
1087 1169 1220 1234 solebant
1244 1172 1304 1235 elle
1328 1187 1402 1235 ante

368 1260 470 1322 altare.
515 1262 554 1320 Et
569 1275 748 1341 acceperuut
763 1272 878 1322 tautum
903 1278 1008 1321 aurum
1025 1278 1059 1321 ac
1081 1258 1238 1343 argentum
1254 1262 1286 1321 in
1304 1261 1401 1321 variis

287 1423 290 1428 Α
368 1347 458 1410 rebus
472 1348 502 1407 u
516 1349 602 1408 variis
616 1350 807 1420 ornamentis,
830 1350 859 1408 8<
874 1347 966 1409 libros
982 1346 1065 1428 quod
1078 1368 1165 1409 uerno
1181 1346 1278 1429 potest
1293 1347 1401 1409 dicere

368 1434 418 1499 vel
430 1435 607 1517 appretiare.
652 1438 760 1497 Omnia
786 1438 849 1499 baec
875 1435 994 1497 fuerunt
1016 1436 1138 1515 optima,
1162 1456 1216 1497 nee
1242 1432 1398 1497 remanse-

370 1538 442 1585 runt
457 1524 487 1584 in
504 1538 565 1583 tota
580 1522 690 1603 Anglia
705 1524 784 1585 talia.
831 1520 952 1584 Tamen
972 1522 1111 1585 dixerunt
1123 1524 1206 1605 quod
1223 1538 1280 1605 pro
1295 1522 1398 1585 fidelia

371 1625 433 1671 tate
448 1610 518 1671 eccl:
537 1613 595 1671 hoc
608 1606 747 1685 facerent,
772 1612 801 1672 u
816 1610 920 1671 melius
936 1608 984 1691 illa
1001 1612 1080 1673 Dani
1096 1600 1243 1672 servarent
1258 1610 1295 1671 ad
1314 1631 1396 1693 opus

370 1695 496 1761 ecclesrae
510 1718 600 1779 quam
615 1697 729 1760 Franci.
775 1699 930 1781 Siquidem
945 1698 975 1759 81
992 1695 1052 1779 ipse
1068 1696 1285 1761 Hereuuardus
1300 1699 1398 1760 homo

291 1790 293 1794 ’
371 1786 587 1849 monachorum
602 1800 674 1857 etat,
691 1787 720 1847 u
742 1786 778 1847 ab
794 1786 852 1847 hoc
866 1786 1009 1869 aliquanti
1035 1786 1194 1849 credebaut
1209 1790 1246 1848 ei.
1294 1786 1396 1871 Qod

372 1874 412 1935 ad
427 1873 565 1935 abbatem
577 1874 747 1936 Tutaldum
761 1874 891 1937 delutum
910 1874 950 1935 est
971 1874 1028 1935 hoe
1050 1871 1194 1937 seruatum
1219 1872 1283 1935 eil:
1308 1874 1397 1957 quod

373 1960 414 2023 illi
433 1977 605 2043 rapuerunt,
629 1961 687 2022 boe
702 1962 827 2023 omuino
841 1959 988 2043 perditum¹
1003 1959 1054 2024 est.

418 2049 498 2110 Daui
514 2069 599 2111 naues
609 2062 748 2129 repetunt
760 2049 897 2119 ducentes
914 2046 1008 2110 secum
1023 2046 1235 2131 Adelwoldum
1251 2052 1394 2131 priorem,

375 2137 406 2197 8<
421 2135 589 2217 Egelsrnum
604 2137 792 2211 monachum,
817 2139 961 2219 &plures
986 2136 1024 2198 de
1049 2134 1210 2200 senioribus
1236 2138 1395 2201 monachis

420 2309 536 2372 Eodem
548 2308 597 2371 die
610 2311 691 2372 venit
701 2308 859 2374 Turoldus
874 2310 963 2374 abbas
974 2310 1013 2373 ad·
1023 2310 1121 2374 Burch
1132 2330 1202 2374 cum
1219 2328 1291 2391 140.
1314 2316 1393 2375 Nor-

377 2400 491 2465 maunis
508 2400 581 2461 δεῦε
595 2400 726 2461 armatis

250 2503 305 2569 rag.
319 2509 356 2551 1⁶
420 2485 580 2553 Turoldus
605 2500 704 2549 autem
729 2489 839 2551 invenit
857 2486 1010 2550 combusta
1029 2492 1130 2550 omnia
1156 2488 1236 2549 intus
1263 2491 1292 2550 u
1318 2486 1393 2552 foris

377 2590 484 2658 praeter
506 2572 595 2636 solam
613 2575 773 2640 ecclesiam.
820 2576 909 2638 'func
931 2576 980 2638 illa
1002 2597 1070 2660 quae
1092 2578 1256 2638 uocabatur
1286 2579 1387 2639 civitas

378 2683 469 2725 autea
483 2660 560 2724 falla
575 2660 616 2723 est
630 2665 825 2745 pauperrima.

421 2749 613 2811 Adelwoldus
633 2749 881 2834 priorBurgenfis
906 2748 1019 2814 clam
1007 2771 1024 2812 a
1050 2751 1143 2812 Danis
1166 2748 1326 2814 suffuratus
1349 2750 1390 2812 eli
1443 2741 1444 2816 l

378 2837 581 2913 brachiumS.
595 2835 736 2912 Oswaldi,
760 2839 842 2920 quod
862 2836 972 2902 secreto
994 2840 1108 2902 curavit
1136 2836 1390 2902 transmittendum

280 2928 282 2931 ’
381 2910 584 2987 Rameseium'
577 2945 607 2985 tn
623 2927 742 2988 meliora
759 2943 901 3006 tempora.

423 3012 537 3095 Magna
551 3032 617 3094 pars
633 3009 759 3075 thesauri
775 3013 791 3074 a
805 3013 897 3076 Danis
913 3015 988 3096 rapti
1005 3011 1093 3094 paulo
1109 3011 1172 3094 post
1186 3016 1261 3074 mari
1274 3015 1365 3095 periit·

425 3102 538 3183 Magna
553 3100 653 3161 tabula
672 3121 741 3162 curu
763 3101 920 3184 aliquantis
945 3101 1059 3164 feretris
1085 3103 1113 3162 u
1135 3101 1271 3164 crucibus
1287 3104 1316 3164 iu
1331 3105 1389 3164 Du⁴

383 3187 463 3250 uiam
475 3189 615 3270 pervenit

426 3277 564 3338 Yuua'rus
584 3273 753 3338 secretarius
770 3261 884 3359 Burgi
877 3297 907 3338 m
922 3273 1052 3340 Dauiam
1079 3273 1229 3360 profedtus
1254 3288 1387 3361 maguam

383 3382 496 3447 purtem
511 3363 704 3444 reliquiarum
720 3367 855 3447 Burgum
871 3365 1003 3426 reduxit.

425 3452 636 3517 Atbeiwoldus
652 3453 732 3534 prior
746 3451 924 3514 abeuntibus
939 3453 1030 3514 Danis
1045 3455 1180 3534 Burgum
1196 3447 1324 3514 reversus
1337 3449 1386 3513 eil.

424 3539 578 3602 Turoldus
593 3537 758 3607 abbusmon
780 3536 874 3602 solum
901 3559 959 3600 non
984 3539 1099 3600 addidit
1122 3539 1235 3622 aliquid
1247 3435 1444 3622 'lBurgeusr

382 3627 454 3689 eccl:
471 3624 519 3688 sed
535 3643 624 3688 terras
641 3628 715 3688 bene
733 3642 924 3710 congregatas
950 3627 1025 3690 male
1040 3623 1183 3699 distraxit,
1207 3629 1236 3688 &
1251 3625 1330 3688 dedit
1347 3646 1389 3687 eas

384 3716 556 3798 parentibus
572 3714 757 3776 &militibus
771 3710 837 3775 surs
866 3714 950 3776 Mille
969 3715 1181 3797 &quingentis
1195 3711 1278 3776 lrbrts
1292 3733 1387 3796 appre
1443 3737 1444 3756 ¹

385 3805 455 3864 tiata
475 3801 533 3863 fuit
556 3801 678 3903 quaudo
695 3803 775 3864 venit
789 3803 954 3878 Turbidus,
977 3821 1068 3886 quam
1091 3804 1133 3907 ita
1153 3799 1284 3886 dispersit
1298 3803 1387 3865 utrix
1443 3815 1444 3891 l

386 3909 460 3974 appr
461 3905 507 3951 etr
508 3907 599 3951 trerur
613 3889 796 3972 quingentis

430 3979 586 4038 Turoldus
601 3977 693 4039 abbas
704 3977 776 4039 emit
790 3972 990 4067 episcopatum
1006 3971 1224 4051 Beluaceusem,
1237 3975 1315 4039 uude
1329 3972 1386 4060 poll
1443 4051 1444 4054 Ἴ

384 4065 496 4144 4dies
512 4065 653 4130 aclerrcrs
665 4064 712 4144 de
715 4064 798 4126 edlus
812 4063 864 4127 est
1443 4061 1444 4070 ’

430 4152 585 4214 Turoldus
600 4152 748 4215 abbatiam
760 4151 797 4215 de
807 4153 910 4236 Burgo
920 4169 1073 4235 pecunia
1057 4151 1194 4215 redemit
1227 4152 1296 4216 Fuit
1306 4151 1444 4216 abbas
1443 4209 1444 4230 2

387 4240 549 4323 Burgeusrs
563 4244 613 4302 28
631 4243 739 4303 annis.

428 4328 569 4393 Succedit
582 4328 680 4394 Godr
672 4348 733 4393 cus
756 4326 857 4406 abbas,
880 4325 971 4392 frater
997 4325 1173 4406 Broudouis,
1198 4327 1327 4412 quamvis
1347 4325 1384 4386 in·

1308 4413 1381 4476 uitus.
