2934 4900
241 291 304 360 aa
461 219 1142 351 Joaanrsnanaunr

652 403 711 508 α’
740 401 1198 549 ..atramenta
1218 399 1400 551 aaut
1448 491 1449 516 ψ

204 537 316 640 maim
349 532 479 661 B⁰Xhi¹i
523 548 695 634 capusum
742 576 804 636 cuti
819 577 856 638 ab
870 508 1065 655 improuide
1089 508 1164 636 toiri
1179 508 1331 638 'Lindoirz
1361 573 1402 636 ad

204 641 296 688 ‘⁰³¹⁸
311 623 450 686 London'
468 618 609 700 Persem
632 617 699 681 sunt
743 659 985 724 Wcstmonasier:
1009 660 1161 723 ecciesram
1180 660 1401 745 confugerant,
1448 639 1449 720 i

206 713 333 777 semel
346 711 376 772 ἃ
393 709 531 788 ΗΝῙὟ”’
548 804 553 812 ,
738 749 854 812 ibidem
871 751 974 829 gladiis
989 751 1183 831 impetuntur.
1204 751 1333 834 Hawley
1349 771 1403 814 oc·

367 836 444 904 cisns
458 836 536 899 suit:
561 835 688 898 Sehakel
702 837 739 896 ad
757 839 861 898 turrim
873 836 1015 898 London:
1033 834 1180 898 redusius'
1190 835 1262 900 suit.
1448 877 1449 886 2

413 929 504 988 Anno
518 929 560 990 D.
578 927 673 1006 1378.
689 940 814 987 mortuo
834 928 882 1002 Jo:
913 923 1079 1005 Brynlreley
1093 923 1163 986 abb:
1185 923 1348 988 monaster:
1370 927 1404 992 S.

370 1015 528 1078 Edmnndi
544 1014 620 1094 pa'pa
634 1011 761 1074 contulit
784 1010 938 1072 monaster:
963 1011 1127 1072 Edmundo
1148 1011 1187 1072 de
1211 1011 1403 1088 Bromeseld,

372 1092 522 1167 monacho
535 1097 668 1180 ejusdem
681 1099 838 1160 monaster:
858 1096 943 1161 sacrae
965 1101 1079 1182 paginae
1092 1097 1220 1176 doctori,
1245 1102 1276 1162 8(
1290 1121 1405 1185 procu·

374 1190 467 1254 satori
482 1191 650 1269 Nigrorum
666 1189 881 1249 monachorum
896 1186 988 1268 Angla
1007 1189 1039 1247 in
1053 1188 1134 1248 curia
1147 1189 1206 1248 Ro:

386 1321 391 1329 .
418 1281 508 1337 Anno
524 1275 661 1356 sequente
681 1271 852 1336 Bromcseld
880 1270 986 1336 secrete
1012 1275 1044 1334 in
1069 1275 1163 1358 Angl:
1189 1273 1347 1356 applicuit,
1374 1276 1406 1336 8(

381 1382 430 1444 13.
448 1364 662 1424 monachorum
676 1359 847 1422 eonsensum
864 1362 966 1424 nattus
981 1361 1082 1423 abbat:
1099 1359 1201 1424 invasrt
1218 1364 1249 1423 8(
1270 1361 1403 1426 installa-

378 1467 426 1513 tus
440 1449 492 1513 est.
537 1444 594 1513 Sed
617 1450 707 1530 panio
723 1447 787 1530 post
804 1447 974 1512 Bromefeld
988 1463 1092 1530 captus
1111 1447 1163 1524 est,
1186 1448 1215 1510 8(
1239 1449 1338 1532 primo
1361 1450 1404 1513 ad

379 1539 485 1600 turrim
501 1538 640 1600 London:
660 1537 767 1598 deinde
781 1538 817 1598 ad
834 1538 1028 1620 Notingham:
1043 1534 1139 1598 castel:
1166 1535 1330 1618 perdudins
1345 1537 1400 1612 est,

379 1625 464 1709 quod
484 1621 627 1687 invaserat
648 1625 749 1688 abbat:
777 1628 897 1686 aurorit:
924 1622 1053 1708 episcopi
1074 1627 1134 1686 Ro:
1158 1640 1263 1687 eontra
1287 1625 1406 1690 decreta

424 1734 515 1862 iinno
528 1803 570 1862 D.
590 1803 683 1881 1380.
701 1800 730 1862 &
747 1817 777 1874 4.
798 1797 940 1860 Richards
952 1819 1051 1860 comes
1066 1797 1207 1860 Marcbiae
1224 1795 1356 1862 transivit
1372 1801 1404 1861 in

381 1890 489 1952 Hibera
504 1889 534 1950 8(
549 1888 658 1950 bonam
674 1903 787 1968 partem
802 1904 945 1948 terrarum
959 1884 1077 1948 suarum
1093 1887 1289 1967 recuperarit.

427 1981 581 2056 Tempore
595 1971 746 2036 seditionis
762 1976 851 2034 Cant:
867 1974 950 2054 cujus
965 1975 1133 2055 capitaneus
1148 1989 1210 2038 erat
1224 1976 1281 2052 Jak
1295 1975 1406 2050 Sttaw,

383 2067 568 2126 Communes
582 2062 620 2123 de
636 2059 804 2131 Suthesolk‚
821 2063 850 2120 8(
865 2061 902 2120 de
916 2061 1132 2145 Huntingdon,
1149 2061 1330 2144 &pluribus
1340 2062 1406 2124 aliis

383 2150 517 2233 'partibus
537 2141 815 2227 circumjacentibus
831 2145 1054 2210 insurreciiones
1073 2146 1216 2212 fecerunt.
1261 2151 1326 2234 Qi
1354 2169 1409 2232 per

383 2233 497 2301 diversa
522 2234 588 2298 loca
609 2233 804 2298 discurrentes
828 2235 955 2322 plurima
975 2237 1106 2298 maneria
1128 2237 1157 2298 8(
1182 2235 1306 2298 adificia
1323 2257 1409 2318 com·

384 2324 537 2401 busserunt
552 2325 581 2384 8(
601 2322 832 2406 prostraverunt,
849 2343 881 2384 ac
902 2323 1045 2402 plurimos
1060 2325 1149 2386 etiam
1165 2315 1409 2398 oecideruntj&

384 2413 481 2494 multa
496 2412 552 2477 asia
572 2412 649 2474 mala
664 2401 916 2495 perpetraveiunt.
962 2411 1001 2473 Et
1016 2413 1092 2474 inter
1107 2412 1163 2473 alia
1179 2415 1240 2476 Dm.
1263 2403 1410 2493 joannem

387 2498 539 2574 Sandisch,
562 2520 655 2562 unum
671 2500 709 2561 de
723 2497 893 2577 justitiariis
909 2494 964 2564 D¹.
977 2500 1052 2584 regis
1066 2502 1099 2561 in
1118 2500 1237 2563 abbatia
1252 2501 1291 2563 de
1305 2506 1411 2582 Burgo

388 2592 420 2651 S.
436 2587 590 2650 Edmuudi
602 2604 674 2649 tune
689 2584 872 2660 existentem,
885 2606 918 2649 ac
931 2588 1064 2651 Priorem
1079 2585 1209 2667 ejusdem
1222 2588 1327 2652 abbat:
1340 2607 1410 2652 cum

388 2672 442 2739 suo
458 2674 608 2758 capellano
622 2674 781 2737 crudeliter
793 2689 985 2754 peremerant.

434 2766 499 2825 Hoc
524 2778 657 2843 tempore
676 2781 729 2823 rex
748 2759 808 2844 ipse
829 2764 860 2823 iu
885 2762 1001 2825 Essexia
1023 2760 1146 2825 existens
1161 2781 1224 2825 non
1240 2760 1303 2826 sme
1317 2762 1410 2847 strage

378 2849 485 2935 plebis
502 2864 620 2911 motum
634 2846 753 2911 sedavit.
826 2902 829 2913 .
1213 2925 1216 2929 .

435 2939 501 3000 Hoc
522 2951 654 3019 tempore
670 2939 759 3015 Joan:
785 2936 866 2998 Basse
880 2935 1057 3011 Wiclevista‚
1081 2938 1135 3020 qni
1161 2939 1241 3021 apud
1263 2942 1413 3001 Coventre

383 3042 495 3107 ¹captus
511 3022 619 3099 suerat,
642 3026 671 3085 8(
686 3024 880 3087 concionibus
896 3026 1044 3107 populum
1058 3026 1096 3085 ad
1110 3023 1286 3089 seditionem
1306 3028 1412 3089 incita·

391 3128 485 3187 verat,
510 3111 671 3194 perdusius·
686 3110 743 3173 suit
759 3111 794 3173 ad
811 3114 841 3173 S.
860 3112 1020 3190 Albanum,
1044 3111 1145 3195 postea
1158 3114 1272 3177 ibidem
1289 3114 1412 3190 trastus,

390 3197 555 3283 suspensus,
576 3201 606 3262 8(
619 3199 651 3261 in
666 3215 762 3281 partes
773 3197 920 3261 dissertus.
1330 3272 1333 3280 Ι

293 3292 296 3299 “
368 3360 370 3366 y
435 3292 502 3352 Hoc
523 3289 615 3350 etiam
636 3308 715 3349 anno
739 3286 918 3350 Edmundus
942 3308 1040 3349 comes
1056 3287 1204 3351 Matcbiae
1230 3289 1261 3351 iu
1286 3286 1412 3367 Hibera:

391 3378 479 3442 obiit.
957 3420 960 3428 ·
1102 3406 1104 3417 ·

322 3465 324 3468 ’
436 3468 502 3527 Hoc
516 3471 596 3527 anno
614 3482 663 3527 11.
680 3454 888 3525 Caldosiobr:
904 3460 1043 3525 Urbanus
1066 3466 1096 3527 6.
1122 3460 1245 3527 fratrem
1261 3466 1364 3529 Adam
1377 3464 1413 3529 de

236 3566 241 3573 ·
392 3551 524 3624 Esteton‚
542 3552 720 3613 monachum
739 3548 840 3611 eccles:
858 3550 1063 3624 Norwiccnsrs‚
1088 3548 1264 3635 magistrum
1279 3554 1313 3617 in
1329 3554 1413 3617 theo·

391 3640 470 3721 logia
483 3636 640 3713 famosum,
665 3642 771 3701 Romae
786 3640 815 3699 iu
830 3637 1017 3699 Cardinalem
1029 3638 1133 3703 erexit.

435 3729 527 3789 Anno
538 3731 579 3790 D.
600 3746 693 3808 ¹343·
708 3726 736 3787 bt
753 3746 782 3803 7.
800 3725 918 3787 Richar:
936 3728 1031 3789 Scotti
1047 3742 1189 3808 ceperunt
1202 3723 1362 3793 castellum
1374 3726 1410 3792 de

392 3818 485 3877 Werk
502 3812 588 3895 snper
601 3813 655 3877 flu:
669 3812 797 3886 Twede‚
821 3812 1067 3893 &depraedatum
1083 3808 1294 3879 incenderunt.

435 3904 526 3963 Anno
543 3905 581 3963 D.
601 3920 661 3983 ¹38
667 3920 697 3981 ς.
714 3902 744 3963 8(
759 3922 790 3981 p.
809 3899 949 3961 Richards
975 3920 1029 3963 rex
1053 3900 1128 3965 duos
1153 3904 1321 3967 avunculos
1337 3901 1411 3982 snos,

318 3987 373 4083 ᾗ,
391 3986 531 4053 comitem
546 3989 718 4069 Cantebrig:
735 3988 764 4049 8(
785 3987 985 4069 Bukin‘gham,
1009 3988 1128 4071 publice
1146 3986 1362 4055 &solenniter
1386 3992 1412 4055 iu

393 4078 484 4160 pleno
495 4079 679 4157 parlamento
693 4077 724 4136 in
739 4075 828 4137 duces
843 4075 992 4138 exaltavit.
1016 4077 1218 4159 Contulitque
1228 4080 1354 4161 utrique
1364 4099 1410 4141 co·

394 4186 462 4228 rum
476 4165 514 4225 ad
528 4165 659 4227 valorem
673 4163 754 4225 misse
767 4162 910 4227 librarum
924 4162 962 4227 de
976 4165 1060 4227 terris
1070 4164 1099 4227 8(
1111 4164 1279 4229 redditibus
1296 4166 1328 4229 io
1343 4166 1409 4231 locis

366 4292 371 4301 ·
394 4250 514 4326 diversis
536 4242 759 4343 percipiendum
782 4249 948 4325 aunuatim,
972 4250 1120 4317 volens&
1143 4253 1310 4315 concedens
1331 4251 1411 4337 quod

392 4339 449 4423 ipsa
463 4341 493 4405 8(
507 4360 614 4406 eorum
628 4340 751 4406 heredes
766 4336 888 4402 masculi
902 4354 1050 4425 perpetuu
1064 4337 1156 4413 duces
1171 4357 1330 4409 vocentur.

1351 4427 1410 4495 troc
